{
  "meta": {
    "status": "ok",
    "last_checked_at": "2026-05-01T06:28:22.615506Z",
    "lookback_hours": 24,
    "archive_days": 365,
    "min_trade_usd": 100,
    "fetched_count": 1000,
    "stored_count": 2380,
    "source": "Polymarket Data API /trades"
  },
  "trades": [
    {
      "id": "0x58b4fe0a7581d4d05492c4932c2bc5a911d650d59cec3bfa094446d349ea2427:64564930076241670294516403352804569921660004975706088367725793399153499601932:1777616622:BUY",
      "timestamp": 1777616622,
      "user": {
        "id": "0xcc11295f1212ec44aa4bd8c61c071e05fdd8998e"
      },
      "market": {
        "question": "Will Paraguay win the 2026 FIFA World Cup?"
      },
      "outcomeIndex": 1,
      "outcome": "No",
      "amountUSD": "143.00",
      "size": 143.57425,
      "price": 0.996,
      "type": "BUY",
      "slug": "will-paraguay-win-the-2026-fifa-world-cup-967",
      "eventSlug": "2026-fifa-world-cup-winner-595",
      "transactionHash": "0x58b4fe0a7581d4d05492c4932c2bc5a911d650d59cec3bfa094446d349ea2427"
    },
    {
      "id": "0x17a3102df0dfc98cf0617315798d12904f511d41d06e93a39cd55cf6457d5f3c:28784901323932743680137350889865041965835475848244837195516355510491311255254:1777616618:BUY",
      "timestamp": 1777616618,
      "user": {
        "id": "0x9c79ef97e783275e1c48a4781c27c21a065056aa"
      },
      "market": {
        "question": "Spread: Mantova 1911 (-1.5)"
      },
      "outcomeIndex": 1,
      "outcome": "AC Monza",
      "amountUSD": "494.00",
      "size": 520,
      "price": 0.95,
      "type": "BUY",
      "slug": "itsb-man-mon-2026-05-01-spread-home-1pt5",
      "eventSlug": "itsb-man-mon-2026-05-01-more-markets",
      "transactionHash": "0x17a3102df0dfc98cf0617315798d12904f511d41d06e93a39cd55cf6457d5f3c"
    },
    {
      "id": "0xed5f81b78b4ba3f8c0c7be931857c9982b10810f5e9b08798f27558172b4634f:84946825393330172889133721169064576656145875807729321440670475462232714064308:1777616616:BUY",
      "timestamp": 1777616616,
      "user": {
        "id": "0x6b0f820c77a55e0699f073ff2aa8f78a57fdae5e"
      },
      "market": {
        "question": "Will the Chicago White Sox win the 2026 World Series?"
      },
      "outcomeIndex": 1,
      "outcome": "No",
      "amountUSD": "1390.83",
      "size": 1396.42,
      "price": 0.996,
      "type": "BUY",
      "slug": "will-the-chicago-white-sox-win-the-2026-world-series",
      "eventSlug": "mlb-world-series-champion-2026",
      "transactionHash": "0xed5f81b78b4ba3f8c0c7be931857c9982b10810f5e9b08798f27558172b4634f"
    },
    {
      "id": "0xf22d72178b344c246393b31b0c5813c7cc8cade6e7c14c3376e82a21873a56a1:51643750384292974681038864586179013514612039248096011298894001303602699660741:1777616614:SELL",
      "timestamp": 1777616614,
      "user": {
        "id": "0x984f3a5c213386ef62cd113516e210295d2c7f2d"
      },
      "market": {
        "question": "Will the Washington Nationals win the 2026 World Series?"
      },
      "outcomeIndex": 1,
      "outcome": "No",
      "amountUSD": "161.84",
      "size": 162.49,
      "price": 0.996,
      "type": "SELL",
      "slug": "will-the-washington-nationals-win-the-2026-world-series",
      "eventSlug": "mlb-world-series-champion-2026",
      "transactionHash": "0xf22d72178b344c246393b31b0c5813c7cc8cade6e7c14c3376e82a21873a56a1"
    },
    {
      "id": "0xf0df3d1dbd047f4b13efe26a13bd1aa6e9a2f23a00176cc09acca7edc88e3c9f:12436328016562781311918963448715504529702565425124730125348481052960482543689:1777616610:BUY",
      "timestamp": 1777616610,
      "user": {
        "id": "0xaaddfa107f870155547ed77d11b540b70dc2d3f1"
      },
      "market": {
        "question": "Will WTI Crude Oil (WTI) hit (HIGH) $110 in May?"
      },
      "outcomeIndex": 1,
      "outcome": "No",
      "amountUSD": "432.25",
      "size": 2275.01,
      "price": 0.19,
      "type": "BUY",
      "slug": "will-wti-reach-110-in-may-2026",
      "eventSlug": "what-price-will-wti-hit-in-may-2026",
      "transactionHash": "0xf0df3d1dbd047f4b13efe26a13bd1aa6e9a2f23a00176cc09acca7edc88e3c9f"
    },
    {
      "id": "0xa36431a9ddbada2cd22e73f0d964edeb7d82b89bccf3f61bdc79c2606174f2d6:39927508119642195665548393671576583427506999427606563219550621057040355571739:1777616610:SELL",
      "timestamp": 1777616610,
      "user": {
        "id": "0x1e33447f03ad92e650a05e403cd7d69cbe7fafb3"
      },
      "market": {
        "question": "Huzhou: Varvara Panshina vs Katarzyna Kawa"
      },
      "outcomeIndex": 1,
      "outcome": "Katarzyna Kawa",
      "amountUSD": "372.27",
      "size": 482.5,
      "price": 0.7715336787564767,
      "type": "SELL",
      "slug": "wta-panshin-kawa-2026-04-30",
      "eventSlug": "wta-panshin-kawa-2026-04-30",
      "transactionHash": "0xa36431a9ddbada2cd22e73f0d964edeb7d82b89bccf3f61bdc79c2606174f2d6"
    },
    {
      "id": "0x469c63d9805300c930b5d102b9ba995beeb310484eef56480a211c712bf19acb:57036648556091546934971998532858193764409156099602384894893649236325423883517:1777616608:BUY",
      "timestamp": 1777616608,
      "user": {
        "id": "0x54661c52b546871cb119479c12108cd0b9620247"
      },
      "market": {
        "question": "SPY (SPY) Up or Down on May 1?"
      },
      "outcomeIndex": 1,
      "outcome": "Down",
      "amountUSD": "310.00",
      "size": 1000,
      "price": 0.31,
      "type": "BUY",
      "slug": "spy-up-or-down-on-may-1-2026",
      "eventSlug": "spy-up-or-down-on-may-1-2026",
      "transactionHash": "0x469c63d9805300c930b5d102b9ba995beeb310484eef56480a211c712bf19acb"
    },
    {
      "id": "0x58e802424cf3a17893e2f65301a899721411d83b6e265a1eebe5481378bbbbc2:90509690488333711262609536667917493552266999151338242662989550069855750770717:1777616608:BUY",
      "timestamp": 1777616608,
      "user": {
        "id": "0x1de39f5a4b1313b99fd5278036b2964cc03ca1fa"
      },
      "market": {
        "question": "Jiujiang: Yunchaokete Bu vs Coleman Wong"
      },
      "outcomeIndex": 0,
      "outcome": "Yunchaokete Bu",
      "amountUSD": "985.00",
      "size": 2095.744679,
      "price": 0.46999999993796954,
      "type": "BUY",
      "slug": "atp-bu-wong-2026-04-30",
      "eventSlug": "atp-bu-wong-2026-04-30",
      "transactionHash": "0x58e802424cf3a17893e2f65301a899721411d83b6e265a1eebe5481378bbbbc2"
    },
    {
      "id": "0xb2b9cc7a03bffe70f5daf13bac1edb8c8c3cca9ea0ecfd6c2639ad0d0a57574c:7305630249804085635496399869905769372294302716159034447326228509068694952392:1777616604:SELL",
      "timestamp": 1777616604,
      "user": {
        "id": "0xea52eb4e3392d6c788de2024d4c7918dc1bcea25"
      },
      "market": {
        "question": "Will the US confirm that aliens exist before 2027?"
      },
      "outcomeIndex": 1,
      "outcome": "No",
      "amountUSD": "151.24",
      "size": 184.44,
      "price": 0.82,
      "type": "SELL",
      "slug": "will-the-us-confirm-that-aliens-exist-before-2027-789-924-249",
      "eventSlug": "will-the-us-confirm-that-aliens-exist-before-2027",
      "transactionHash": "0xb2b9cc7a03bffe70f5daf13bac1edb8c8c3cca9ea0ecfd6c2639ad0d0a57574c"
    },
    {
      "id": "0x8492b50decd0db4d7bad48da42122efceb823425b25efc969aa87e40d32cc227:104942649192609913825700442400757579142602100704286281267464239496183536823685:1777616604:BUY",
      "timestamp": 1777616604,
      "user": {
        "id": "0xf16da921e1104fed82989a46761137fb0e305866"
      },
      "market": {
        "question": "Will 9 Fed rate cuts happen in 2026?"
      },
      "outcomeIndex": 1,
      "outcome": "No",
      "amountUSD": "173.00",
      "size": 173.3465,
      "price": 0.998,
      "type": "BUY",
      "slug": "will-9-fed-rate-cuts-happen-in-2026",
      "eventSlug": "how-many-fed-rate-cuts-in-2026",
      "transactionHash": "0x8492b50decd0db4d7bad48da42122efceb823425b25efc969aa87e40d32cc227"
    },
    {
      "id": "0x3c8743958ac36ce1f2b036bbf29a59136ef75bf92ab3c35df5dc9f02dffc3ecd:59982071775824703223930674071983975304493322872724543232769282737766647450509:1777616604:BUY",
      "timestamp": 1777616604,
      "user": {
        "id": "0x62028ee8f89e245231796a028115358662928872"
      },
      "market": {
        "question": "LoL: T1 Academy vs Kiwoom DRX Challengers (BO3) - LCK Challengers League Rounds 1-2"
      },
      "outcomeIndex": 1,
      "outcome": "Kiwoom DRX Challengers",
      "amountUSD": "118.79",
      "size": 190.94,
      "price": 0.6221556509898397,
      "type": "BUY",
      "slug": "lol-t1a-drxc-2026-05-01",
      "eventSlug": "lol-t1a-drxc-2026-05-01",
      "transactionHash": "0x3c8743958ac36ce1f2b036bbf29a59136ef75bf92ab3c35df5dc9f02dffc3ecd"
    },
    {
      "id": "0xe61dde6000f4f2d88ec4d7046ad38627a86c48bc1cd693f741571cc86d9d6d93:107363423225672743655779846488689050631000527420640103703897802484985980496104:1777616604:BUY",
      "timestamp": 1777616604,
      "user": {
        "id": "0x53a50fd07101e9eba8a9f79f0a6c5853213255df"
      },
      "market": {
        "question": "LoL: T1 Academy vs Kiwoom DRX Challengers - Game 2 Winner"
      },
      "outcomeIndex": 1,
      "outcome": "Kiwoom DRX Challengers",
      "amountUSD": "120.06",
      "size": 219.872726,
      "price": 0.5460431640802962,
      "type": "BUY",
      "slug": "lol-t1a-drxc-2026-05-01-game2",
      "eventSlug": "lol-t1a-drxc-2026-05-01",
      "transactionHash": "0xe61dde6000f4f2d88ec4d7046ad38627a86c48bc1cd693f741571cc86d9d6d93"
    },
    {
      "id": "0xd6c5182765ab15f6656ebc5de7615bba7a7d76d62739c3e4a938bfb5429d9153:92368356561173024874414988082082935249114247734044883003236903123971502611007:1777616602:SELL",
      "timestamp": 1777616602,
      "user": {
        "id": "0x156b1a354e7b56b8a39a3b860d0352bdea1c0f5b"
      },
      "market": {
        "question": "Will Kang Hoon-sik win the 2026 Seoul Mayoral Election"
      },
      "outcomeIndex": 1,
      "outcome": "No",
      "amountUSD": "477.94",
      "size": 478.9,
      "price": 0.998,
      "type": "SELL",
      "slug": "will-kang-hoon-sik-win-the-2026-seoul-mayoral-election",
      "eventSlug": "2026-seoul-mayoral-election-winner",
      "transactionHash": "0xd6c5182765ab15f6656ebc5de7615bba7a7d76d62739c3e4a938bfb5429d9153"
    },
    {
      "id": "0xafef97a870f6302e0cd972adbddef1cbdcfa148766c186531784eea52e48fec7:28784901323932743680137350889865041965835475848244837195516355510491311255254:1777616602:BUY",
      "timestamp": 1777616602,
      "user": {
        "id": "0xeed2156045f8f903c8e930030823b03454faeac8"
      },
      "market": {
        "question": "Spread: Mantova 1911 (-1.5)"
      },
      "outcomeIndex": 1,
      "outcome": "AC Monza",
      "amountUSD": "446.50",
      "size": 470,
      "price": 0.95,
      "type": "BUY",
      "slug": "itsb-man-mon-2026-05-01-spread-home-1pt5",
      "eventSlug": "itsb-man-mon-2026-05-01-more-markets",
      "transactionHash": "0xafef97a870f6302e0cd972adbddef1cbdcfa148766c186531784eea52e48fec7"
    },
    {
      "id": "0xde1225910a65a41f0f3bf7e26a8ebd9457f880927e5e3e0b1cb617aff7fca1a1:94145325717574302932397737177168364488209985859364399562848185951835699608421:1777616602:BUY",
      "timestamp": 1777616602,
      "user": {
        "id": "0x425468c925bf0d09a774ac317d217ce9c9252903"
      },
      "market": {
        "question": "Will Elon Musk post 0-19 tweets from May 1 to May 8, 2026?"
      },
      "outcomeIndex": 1,
      "outcome": "No",
      "amountUSD": "103.00",
      "size": 103.103,
      "price": 0.999,
      "type": "BUY",
      "slug": "elon-musk-of-tweets-may-1-may-8-0-19",
      "eventSlug": "elon-musk-of-tweets-may-1-may-8",
      "transactionHash": "0xde1225910a65a41f0f3bf7e26a8ebd9457f880927e5e3e0b1cb617aff7fca1a1"
    },
    {
      "id": "0xbf018bcdb68150b40e14387af3e3a7d37badf5d8a4b10d668739cd743ed9638b:107363423225672743655779846488689050631000527420640103703897802484985980496104:1777616602:BUY",
      "timestamp": 1777616602,
      "user": {
        "id": "0x31864feb9d25dee93728c6225ba891530967e9ca"
      },
      "market": {
        "question": "LoL: T1 Academy vs Kiwoom DRX Challengers - Game 2 Winner"
      },
      "outcomeIndex": 1,
      "outcome": "Kiwoom DRX Challengers",
      "amountUSD": "592.97",
      "size": 1260.33,
      "price": 0.4704868566169178,
      "type": "BUY",
      "slug": "lol-t1a-drxc-2026-05-01-game2",
      "eventSlug": "lol-t1a-drxc-2026-05-01",
      "transactionHash": "0xbf018bcdb68150b40e14387af3e3a7d37badf5d8a4b10d668739cd743ed9638b"
    },
    {
      "id": "0x78197f87b052f760c7a96c83e30149e8638efc572e6812ce10c5775e3978460a:52761630651452310319295064365704431564140478140269624735570317771849185169635:1777616600:BUY",
      "timestamp": 1777616600,
      "user": {
        "id": "0x1f5cebad8d28ea5e0817ed539fb9cc8953afe228"
      },
      "market": {
        "question": "Will Donald Trump Jr. win the 2028 US Presidential Election?"
      },
      "outcomeIndex": 1,
      "outcome": "No",
      "amountUSD": "221.00",
      "size": 222.78225,
      "price": 0.992,
      "type": "BUY",
      "slug": "will-donald-trump-jr-win-the-2028-us-presidential-election",
      "eventSlug": "presidential-election-winner-2028",
      "transactionHash": "0x78197f87b052f760c7a96c83e30149e8638efc572e6812ce10c5775e3978460a"
    },
    {
      "id": "0x77024f8a7fa2b145683d58bdf33a88279e835a8f4e941afa9d1c7f867c8c4018:107363423225672743655779846488689050631000527420640103703897802484985980496104:1777616600:BUY",
      "timestamp": 1777616600,
      "user": {
        "id": "0x31dbb701d1ca239af9f3394518e1c555c7b4c25f"
      },
      "market": {
        "question": "LoL: T1 Academy vs Kiwoom DRX Challengers - Game 2 Winner"
      },
      "outcomeIndex": 1,
      "outcome": "Kiwoom DRX Challengers",
      "amountUSD": "100.00",
      "size": 229.5225,
      "price": 0.4356871330697426,
      "type": "BUY",
      "slug": "lol-t1a-drxc-2026-05-01-game2",
      "eventSlug": "lol-t1a-drxc-2026-05-01",
      "transactionHash": "0x77024f8a7fa2b145683d58bdf33a88279e835a8f4e941afa9d1c7f867c8c4018"
    },
    {
      "id": "0x780faad6b813b0a54fb4323e2fbd3b64a18a13e2a2516b581c0d38d4b5c0e3f4:65359627056451672695106978394308692793855450723052764371008283563815488809198:1777616598:BUY",
      "timestamp": 1777616598,
      "user": {
        "id": "0xa6896d11f76dfa2820662c1f441496f51553559b"
      },
      "market": {
        "question": "Bitcoin Up or Down - May 1, 2:20AM-2:25AM ET"
      },
      "outcomeIndex": 1,
      "outcome": "Down",
      "amountUSD": "113.58",
      "size": 159,
      "price": 0.7143345911949686,
      "type": "BUY",
      "slug": "btc-updown-5m-1777616400",
      "eventSlug": "btc-updown-5m-1777616400",
      "transactionHash": "0x780faad6b813b0a54fb4323e2fbd3b64a18a13e2a2516b581c0d38d4b5c0e3f4"
    },
    {
      "id": "0xd2333765c2025214595dee653f4f44a3c4e76223b7db3aabe382595ea37e9039:100099833370943743015005579369281544702202348703727349862861252866217580509705:1777616598:BUY",
      "timestamp": 1777616598,
      "user": {
        "id": "0xe8dd7741ccb12350957ec71e9ee332e0d1e6ec86"
      },
      "market": {
        "question": "Will Victor Wembanyama win the 2025\u20132026 NBA MVP?"
      },
      "outcomeIndex": 1,
      "outcome": "No",
      "amountUSD": "124.04",
      "size": 125.292928,
      "price": 0.9899999942534665,
      "type": "BUY",
      "slug": "will-victor-wembanyama-win-the-20252026-nba-mvp",
      "eventSlug": "nba-mvp-694",
      "transactionHash": "0xd2333765c2025214595dee653f4f44a3c4e76223b7db3aabe382595ea37e9039"
    },
    {
      "id": "0x6685e48499bf10980e8042be36f45d1608ea87ce3f254f739a5778604d3f27e5:100099833370943743015005579369281544702202348703727349862861252866217580509705:1777616594:BUY",
      "timestamp": 1777616594,
      "user": {
        "id": "0xe8dd7741ccb12350957ec71e9ee332e0d1e6ec86"
      },
      "market": {
        "question": "Will Victor Wembanyama win the 2025\u20132026 NBA MVP?"
      },
      "outcomeIndex": 1,
      "outcome": "No",
      "amountUSD": "360.87",
      "size": 364.641706,
      "price": 0.9896563998633772,
      "type": "BUY",
      "slug": "will-victor-wembanyama-win-the-20252026-nba-mvp",
      "eventSlug": "nba-mvp-694",
      "transactionHash": "0x6685e48499bf10980e8042be36f45d1608ea87ce3f254f739a5778604d3f27e5"
    },
    {
      "id": "0x6287e4e076fbec29997bcd7fbcddc8b2935fe3484976ed405c03117283d1dd58:88794755386871079853762415286654635832909423950620116774027006364873482091563:1777616592:BUY",
      "timestamp": 1777616592,
      "user": {
        "id": "0xe8dd7741ccb12350957ec71e9ee332e0d1e6ec86"
      },
      "market": {
        "question": "Will Nikola Jokic win the 2025\u20132026 NBA MVP?"
      },
      "outcomeIndex": 1,
      "outcome": "No",
      "amountUSD": "124.29",
      "size": 125.29225,
      "price": 0.992,
      "type": "BUY",
      "slug": "will-nikola-jokic-win-the-20252026-nba-mvp",
      "eventSlug": "nba-mvp-694",
      "transactionHash": "0x6287e4e076fbec29997bcd7fbcddc8b2935fe3484976ed405c03117283d1dd58"
    },
    {
      "id": "0x9da3bbc90aa07b1e58ac72d21e5c7fc2bdc0a402bbc6cde929d5bec7fe488bde:88794755386871079853762415286654635832909423950620116774027006364873482091563:1777616592:BUY",
      "timestamp": 1777616592,
      "user": {
        "id": "0xe8dd7741ccb12350957ec71e9ee332e0d1e6ec86"
      },
      "market": {
        "question": "Will Nikola Jokic win the 2025\u20132026 NBA MVP?"
      },
      "outcomeIndex": 1,
      "outcome": "No",
      "amountUSD": "361.60",
      "size": 364.516125,
      "price": 0.992,
      "type": "BUY",
      "slug": "will-nikola-jokic-win-the-20252026-nba-mvp",
      "eventSlug": "nba-mvp-694",
      "transactionHash": "0x9da3bbc90aa07b1e58ac72d21e5c7fc2bdc0a402bbc6cde929d5bec7fe488bde"
    },
    {
      "id": "0x379dbbccadb63615c075096eb3e56d6fa737492ff1608ad89ed9fef3cf0206d0:104688213386630135599820949622901287864907741068137076328848190782023523741337:1777616592:SELL",
      "timestamp": 1777616592,
      "user": {
        "id": "0x6d5712d24051afdf9e13858faa9fdd50b968f724"
      },
      "market": {
        "question": "Will Moonshot have the best AI model at the end of May 2026?"
      },
      "outcomeIndex": 1,
      "outcome": "No",
      "amountUSD": "129.33",
      "size": 129.72,
      "price": 0.997,
      "type": "SELL",
      "slug": "will-moonshot-have-the-best-ai-model-at-the-end-of-may-2026",
      "eventSlug": "which-company-has-the-best-ai-model-end-of-may",
      "transactionHash": "0x379dbbccadb63615c075096eb3e56d6fa737492ff1608ad89ed9fef3cf0206d0"
    },
    {
      "id": "0x7a25a4e3cb8399d7262b5d41bd83064d59639ad7cb4bbe491b47757ed313b02d:74320925382160577339914308554785377636087791543546607782446817442190482536224:1777616590:BUY",
      "timestamp": 1777616590,
      "user": {
        "id": "0xafc5ecc8f6174a09d06736c2e554601bfa9f741f"
      },
      "market": {
        "question": "Will the price of Ethereum be above $2,000 on May 2?"
      },
      "outcomeIndex": 0,
      "outcome": "Yes",
      "amountUSD": "154.69",
      "size": 155,
      "price": 0.998,
      "type": "BUY",
      "slug": "ethereum-above-2000-on-may-2",
      "eventSlug": "ethereum-above-on-may-2",
      "transactionHash": "0x7a25a4e3cb8399d7262b5d41bd83064d59639ad7cb4bbe491b47757ed313b02d"
    },
    {
      "id": "0xc5b4a72ea4168533bd52186404e0c0bdc117524a8f794170d084725136ca59df:115240513065535457758370290964894428481781457248645084858584352763885677997450:1777616586:SELL",
      "timestamp": 1777616586,
      "user": {
        "id": "0xfc25f141ed27bb1787338d2c4e7f51e3a15e1f7f"
      },
      "market": {
        "question": "LoL: DN SOOPers vs HANJIN BRION (BO3) - LCK Rounds 1-2"
      },
      "outcomeIndex": 0,
      "outcome": "DN SOOPers",
      "amountUSD": "123.52",
      "size": 274.49,
      "price": 0.45,
      "type": "SELL",
      "slug": "lol-dnf-bro2-2026-05-01",
      "eventSlug": "lol-dnf-bro2-2026-05-01",
      "transactionHash": "0xc5b4a72ea4168533bd52186404e0c0bdc117524a8f794170d084725136ca59df"
    },
    {
      "id": "0xe43412fb0f11a3905baac3251688ef3b48a48ef644e1f0dbec5e5a8c4a5e80eb:4673126689154854632798431695386811061460928500956030815284453418205614750461:1777616586:BUY",
      "timestamp": 1777616586,
      "user": {
        "id": "0x46171493f6c6b07b574a15c1db683a1e8162e1e5"
      },
      "market": {
        "question": "Will WTI Crude Oil (WTI) hit (LOW) $70 Week of April 27 2026?"
      },
      "outcomeIndex": 1,
      "outcome": "No",
      "amountUSD": "117.60",
      "size": 117.717,
      "price": 0.999,
      "type": "BUY",
      "slug": "will-wti-dip-to-70-by-april-27-2026",
      "eventSlug": "will-wti-hit-week-of-april-27-2026",
      "transactionHash": "0xe43412fb0f11a3905baac3251688ef3b48a48ef644e1f0dbec5e5a8c4a5e80eb"
    },
    {
      "id": "0x2220da412e5f9ee2997afa77d00a0a2ce9501e5936c0bbde584a50d90ebaded7:4673126689154854632798431695386811061460928500956030815284453418205614750461:1777616584:BUY",
      "timestamp": 1777616584,
      "user": {
        "id": "0x89d4c9cbaa272a7cc54345c669af6721bca0f27e"
      },
      "market": {
        "question": "Will WTI Crude Oil (WTI) hit (LOW) $70 Week of April 27 2026?"
      },
      "outcomeIndex": 1,
      "outcome": "No",
      "amountUSD": "119.00",
      "size": 119.119,
      "price": 0.999,
      "type": "BUY",
      "slug": "will-wti-dip-to-70-by-april-27-2026",
      "eventSlug": "will-wti-hit-week-of-april-27-2026",
      "transactionHash": "0x2220da412e5f9ee2997afa77d00a0a2ce9501e5936c0bbde584a50d90ebaded7"
    },
    {
      "id": "0xe21f1a18d180c78cddda30854a2de11235e60a4c66dcb0a938973b0d9b95322b:4673126689154854632798431695386811061460928500956030815284453418205614750461:1777616584:BUY",
      "timestamp": 1777616584,
      "user": {
        "id": "0x55688a8986ba796aab0e56ecb633b5ba60d4a68c"
      },
      "market": {
        "question": "Will WTI Crude Oil (WTI) hit (LOW) $70 Week of April 27 2026?"
      },
      "outcomeIndex": 1,
      "outcome": "No",
      "amountUSD": "130.00",
      "size": 130.13,
      "price": 0.999,
      "type": "BUY",
      "slug": "will-wti-dip-to-70-by-april-27-2026",
      "eventSlug": "will-wti-hit-week-of-april-27-2026",
      "transactionHash": "0xe21f1a18d180c78cddda30854a2de11235e60a4c66dcb0a938973b0d9b95322b"
    },
    {
      "id": "0xd729790ff7cd3914b02ebc29a7695c95fd7d85132b6552c96a954a7aa9f76f70:21234886083000978203440582985665409733123024063268807484684316771005736994028:1777616580:SELL",
      "timestamp": 1777616580,
      "user": {
        "id": "0x24fdb6eb94642adb233ec30b45b0f2953a4cfb10"
      },
      "market": {
        "question": "Will Andrew Yang win the 2028 Democratic presidential nomination?"
      },
      "outcomeIndex": 1,
      "outcome": "No",
      "amountUSD": "175.82",
      "size": 177.06,
      "price": 0.993,
      "type": "SELL",
      "slug": "will-andrew-yang-win-the-2028-democratic-presidential-nomination",
      "eventSlug": "democratic-presidential-nominee-2028",
      "transactionHash": "0xd729790ff7cd3914b02ebc29a7695c95fd7d85132b6552c96a954a7aa9f76f70"
    },
    {
      "id": "0x1546c6e47d156057faee1d09432dac71e351f28b12892713ffc66bf542cc5281:69471008782374192790909758203453762302247599306255707151301915677252063291760:1777616578:BUY",
      "timestamp": 1777616578,
      "user": {
        "id": "0x42fa340061a94072a818e540c3e80d8148d81fc7"
      },
      "market": {
        "question": "Will Satoshi move any Bitcoin in 2026?"
      },
      "outcomeIndex": 1,
      "outcome": "No",
      "amountUSD": "31500.00",
      "size": 35000,
      "price": 0.9,
      "type": "BUY",
      "slug": "will-satoshi-move-any-bitcoin-in-2026",
      "eventSlug": "will-satoshi-move-any-bitcoin-in-2026",
      "transactionHash": "0x1546c6e47d156057faee1d09432dac71e351f28b12892713ffc66bf542cc5281"
    },
    {
      "id": "0x7f19b2663b122c72d22b159be7951e1910cc18dcaf6dc0c2bdc34544e23646e2:56675537260019219223601219755487607959534973218119249587935401577859164512735:1777616578:SELL",
      "timestamp": 1777616578,
      "user": {
        "id": "0x2adde89c98be6d88a079085bc6577e9d79d7dea3"
      },
      "market": {
        "question": "Will Sarah Huckabee Sanders win the 2028 Republican presidential nomination?"
      },
      "outcomeIndex": 1,
      "outcome": "No",
      "amountUSD": "110.89",
      "size": 111.78,
      "price": 0.992,
      "type": "SELL",
      "slug": "will-sarah-huckabee-sanders-win-the-2028-republican-presidential-nomination",
      "eventSlug": "republican-presidential-nominee-2028",
      "transactionHash": "0x7f19b2663b122c72d22b159be7951e1910cc18dcaf6dc0c2bdc34544e23646e2"
    },
    {
      "id": "0x81c0a9100bb5fa4044ecff2dd13cbc90cacb80605f2f5154fc1f8a1c88a074c6:17500090327184985527943716544450159894787071980535846016165368224533736761238:1777616576:SELL",
      "timestamp": 1777616576,
      "user": {
        "id": "0xfe594b55a5ef9b66ff493ee8dfabf0632aaebdf4"
      },
      "market": {
        "question": "Will Cadillac be the 2026 F1 Constructors' Champion?"
      },
      "outcomeIndex": 1,
      "outcome": "No",
      "amountUSD": "134.71",
      "size": 135.25,
      "price": 0.996,
      "type": "SELL",
      "slug": "will-cadillac-be-the-2026-f1-constructors-champion",
      "eventSlug": "f1-constructors-champion",
      "transactionHash": "0x81c0a9100bb5fa4044ecff2dd13cbc90cacb80605f2f5154fc1f8a1c88a074c6"
    },
    {
      "id": "0x9e5ed93d641abd9fe337b5d308c778006f2487d678e11aa532615291a1407203:4673126689154854632798431695386811061460928500956030815284453418205614750461:1777616576:BUY",
      "timestamp": 1777616576,
      "user": {
        "id": "0x5f15d41e365786f5fa5f6559712964492abc3110"
      },
      "market": {
        "question": "Will WTI Crude Oil (WTI) hit (LOW) $70 Week of April 27 2026?"
      },
      "outcomeIndex": 1,
      "outcome": "No",
      "amountUSD": "125.40",
      "size": 125.525,
      "price": 0.999,
      "type": "BUY",
      "slug": "will-wti-dip-to-70-by-april-27-2026",
      "eventSlug": "will-wti-hit-week-of-april-27-2026",
      "transactionHash": "0x9e5ed93d641abd9fe337b5d308c778006f2487d678e11aa532615291a1407203"
    },
    {
      "id": "0x28f875b44ac184c7e9b407d12994e66b8e4a3c34cb1b397d092be20b0310dc73:71468479491256636571234789020315856466754781850475813948591206881016141652609:1777616574:BUY",
      "timestamp": 1777616574,
      "user": {
        "id": "0xc5ae17997c95b7fc4aa8aca84e782ad59edd1144"
      },
      "market": {
        "question": "Bitcoin Up or Down - May 1, 2:20AM-2:25AM ET"
      },
      "outcomeIndex": 0,
      "outcome": "Up",
      "amountUSD": "200.00",
      "size": 804.272221,
      "price": 0.24867202145975895,
      "type": "BUY",
      "slug": "btc-updown-5m-1777616400",
      "eventSlug": "btc-updown-5m-1777616400",
      "transactionHash": "0x28f875b44ac184c7e9b407d12994e66b8e4a3c34cb1b397d092be20b0310dc73"
    },
    {
      "id": "0x82b99422bf64da78fb3dd77def4a116828c8c17b3c429c53e2ae93cf528ee727:91654279459782700285030880702186010885362170180157997195869175981321159591151:1777616572:BUY",
      "timestamp": 1777616572,
      "user": {
        "id": "0x4ba4ee97128a89506bc531c0c46d1b44605a4edd"
      },
      "market": {
        "question": "Will Elon Musk win the 2028 Republican presidential nomination?"
      },
      "outcomeIndex": 1,
      "outcome": "No",
      "amountUSD": "175.00",
      "size": 176.7676,
      "price": 0.99,
      "type": "BUY",
      "slug": "will-elon-musk-win-the-2028-republican-presidential-nomination",
      "eventSlug": "republican-presidential-nominee-2028",
      "transactionHash": "0x82b99422bf64da78fb3dd77def4a116828c8c17b3c429c53e2ae93cf528ee727"
    },
    {
      "id": "0x8817d3f6c9cb362ffbaf600859869362d8f5540618eef27a6137e8b49cde1311:1998768955715186325779899264691265106224771061734736372048939163734483570846:1777616570:SELL",
      "timestamp": 1777616570,
      "user": {
        "id": "0x20f50e29a564be63f21067ceef6eebe550f3d344"
      },
      "market": {
        "question": "Will Wuthering Heights be the top grossing movie of 2026?"
      },
      "outcomeIndex": 1,
      "outcome": "No",
      "amountUSD": "117.30",
      "size": 117.77,
      "price": 0.996,
      "type": "SELL",
      "slug": "will-wuthering-heights-be-the-top-grossing-movie-of-2026",
      "eventSlug": "highest-grossing-movie-in-2026",
      "transactionHash": "0x8817d3f6c9cb362ffbaf600859869362d8f5540618eef27a6137e8b49cde1311"
    },
    {
      "id": "0x21df4b5261789aedeb3a2feb38af01796b026256d36a19cbf41de55ba1e1eb7b:105754735859803813986361714630753276237891536292440584153365249756008425623608:1777616570:SELL",
      "timestamp": 1777616570,
      "user": {
        "id": "0x67408044b7bffa3b87d758b1cfad37e416a71533"
      },
      "market": {
        "question": "Will Uzbekistan win the 2026 FIFA World Cup?"
      },
      "outcomeIndex": 1,
      "outcome": "No",
      "amountUSD": "250.03",
      "size": 250.78,
      "price": 0.997,
      "type": "SELL",
      "slug": "will-uzbekistan-win-the-2026-fifa-world-cup-773",
      "eventSlug": "2026-fifa-world-cup-winner-595",
      "transactionHash": "0x21df4b5261789aedeb3a2feb38af01796b026256d36a19cbf41de55ba1e1eb7b"
    },
    {
      "id": "0xb94fdfb585b814ec3880cfb34558d93be91ab5ba04bc360f2f8b8e397f23e2a1:49871252661742427315226109307954871479267113637891510501334531720454017709951:1777616570:SELL",
      "timestamp": 1777616570,
      "user": {
        "id": "0xcff9a3250a425d85763ffff13c7b2b9383d07bf0"
      },
      "market": {
        "question": "Will Algeria win the 2026 FIFA World Cup?"
      },
      "outcomeIndex": 1,
      "outcome": "No",
      "amountUSD": "340.76",
      "size": 342.13,
      "price": 0.996,
      "type": "SELL",
      "slug": "will-algeria-win-the-2026-fifa-world-cup",
      "eventSlug": "2026-fifa-world-cup-winner-595",
      "transactionHash": "0xb94fdfb585b814ec3880cfb34558d93be91ab5ba04bc360f2f8b8e397f23e2a1"
    },
    {
      "id": "0x705cf0d55757bb81943e00e9d129e6cba5a1c8e30fa154436df3de4bf51b6435:58394629104635350677984868205770706908984914797706302088659596865729991254815:1777616570:BUY",
      "timestamp": 1777616570,
      "user": {
        "id": "0xbc530a18835615ed26b4e0bda8adb6b9bb4f81a8"
      },
      "market": {
        "question": "Will Franco Colapinto be the 2026 F1 Drivers' Champion?"
      },
      "outcomeIndex": 1,
      "outcome": "No",
      "amountUSD": "110.00",
      "size": 110.330666,
      "price": 0.9969999999818727,
      "type": "BUY",
      "slug": "will-franco-colapinto-be-the-2026-f1-drivers-champion",
      "eventSlug": "2026-f1-drivers-champion",
      "transactionHash": "0x705cf0d55757bb81943e00e9d129e6cba5a1c8e30fa154436df3de4bf51b6435"
    },
    {
      "id": "0x30b0210b459747583b3b4ea741f7a620921912012d333f50bf90ef2f0202158f:104942649192609913825700442400757579142602100704286281267464239496183536823685:1777616568:SELL",
      "timestamp": 1777616568,
      "user": {
        "id": "0xd434f6908188c309d02a57ba9d644dba3a08da54"
      },
      "market": {
        "question": "Will 9 Fed rate cuts happen in 2026?"
      },
      "outcomeIndex": 1,
      "outcome": "No",
      "amountUSD": "135.52",
      "size": 135.93,
      "price": 0.997,
      "type": "SELL",
      "slug": "will-9-fed-rate-cuts-happen-in-2026",
      "eventSlug": "how-many-fed-rate-cuts-in-2026",
      "transactionHash": "0x30b0210b459747583b3b4ea741f7a620921912012d333f50bf90ef2f0202158f"
    },
    {
      "id": "0xf0ba01e6cf2735ea78d9da252923f35a2ab7c8e48c6c4549327773a45a61c4d5:96482668918219960103676845559742205972230328492171329563264859025397818261532:1777616566:BUY",
      "timestamp": 1777616566,
      "user": {
        "id": "0xa160602da183fdce0122bc927e7fdb9d36c67b21"
      },
      "market": {
        "question": "Will OpenSea launch a token by June 30, 2026?"
      },
      "outcomeIndex": 1,
      "outcome": "No",
      "amountUSD": "293.79",
      "size": 308.6,
      "price": 0.952,
      "type": "BUY",
      "slug": "will-opensea-launch-a-token-by-june-30-2026",
      "eventSlug": "will-opensea-launch-a-token-by-142",
      "transactionHash": "0xf0ba01e6cf2735ea78d9da252923f35a2ab7c8e48c6c4549327773a45a61c4d5"
    },
    {
      "id": "0x463f6b056ce2f673a05b5429a6713d2f4d3db3ed0a97e259c0a94c55d0713280:85502260933292517097736783655987521126646831771359060514139596448232720929990:1777616564:BUY",
      "timestamp": 1777616564,
      "user": {
        "id": "0xd61ddaf96b310af0ef29f1b69c0cb5347e32cf0e"
      },
      "market": {
        "question": "Will Latvia win Eurovision 2026?"
      },
      "outcomeIndex": 1,
      "outcome": "No",
      "amountUSD": "271.00",
      "size": 271.543,
      "price": 0.998,
      "type": "BUY",
      "slug": "will-latvia-win-eurovision-2026",
      "eventSlug": "eurovision-winner-2026",
      "transactionHash": "0x463f6b056ce2f673a05b5429a6713d2f4d3db3ed0a97e259c0a94c55d0713280"
    },
    {
      "id": "0xe7ab5e2b3f47733387dcca2523f7afe8ffecd70cc2141c7a673ec492dc67f857:8940258762526787663692261857718573943191344130291288304585620531825317607974:1777616564:BUY",
      "timestamp": 1777616564,
      "user": {
        "id": "0xc8fd7befd18f4e2e7aed04e19e6d6a1740eebce6"
      },
      "market": {
        "question": "US x Iran diplomatic meeting by May 5, 2026?"
      },
      "outcomeIndex": 0,
      "outcome": "Yes",
      "amountUSD": "100.00",
      "size": 1724.13793,
      "price": 0.0580000000348,
      "type": "BUY",
      "slug": "us-x-iran-diplomatic-meeting-by-may-5-2026",
      "eventSlug": "us-x-iran-diplomatic-meeting-by-329",
      "transactionHash": "0xe7ab5e2b3f47733387dcca2523f7afe8ffecd70cc2141c7a673ec492dc67f857"
    },
    {
      "id": "0xb8c94355b8def34b4d76b6e44b6fc31b5612d0136fd771bb8735704f0781b2fb:107363423225672743655779846488689050631000527420640103703897802484985980496104:1777616564:BUY",
      "timestamp": 1777616564,
      "user": {
        "id": "0xd3b034d7bfb2473fb252d0414646d9786bac329e"
      },
      "market": {
        "question": "LoL: T1 Academy vs Kiwoom DRX Challengers - Game 2 Winner"
      },
      "outcomeIndex": 1,
      "outcome": "Kiwoom DRX Challengers",
      "amountUSD": "116.47",
      "size": 270.87,
      "price": 0.43,
      "type": "BUY",
      "slug": "lol-t1a-drxc-2026-05-01-game2",
      "eventSlug": "lol-t1a-drxc-2026-05-01",
      "transactionHash": "0xb8c94355b8def34b4d76b6e44b6fc31b5612d0136fd771bb8735704f0781b2fb"
    },
    {
      "id": "0x3dca19930ee40f6e8da8a7edc3dc9994f4075d54c75db8eb07bfba945623794b:9165669253188233633294445494019011230779740884645025495304788476715370153114:1777616562:SELL",
      "timestamp": 1777616562,
      "user": {
        "id": "0x3020e276ec7f48cc3707b9c003a7ed58c9beb2de"
      },
      "market": {
        "question": "Bitcoin Up or Down - May 1, 2AM ET"
      },
      "outcomeIndex": 0,
      "outcome": "Up",
      "amountUSD": "188.38",
      "size": 505.09,
      "price": 0.37296976776416085,
      "type": "SELL",
      "slug": "bitcoin-up-or-down-may-1-2026-2am-et",
      "eventSlug": "bitcoin-up-or-down-may-1-2026-2am-et",
      "transactionHash": "0x3dca19930ee40f6e8da8a7edc3dc9994f4075d54c75db8eb07bfba945623794b"
    },
    {
      "id": "0xb406bc63ba45b41bddf2070e6d9d91662a787ae39b8ea36c15f56f3b763364ef:92368356561173024874414988082082935249114247734044883003236903123971502611007:1777616562:BUY",
      "timestamp": 1777616562,
      "user": {
        "id": "0x156b1a354e7b56b8a39a3b860d0352bdea1c0f5b"
      },
      "market": {
        "question": "Will Kang Hoon-sik win the 2026 Seoul Mayoral Election"
      },
      "outcomeIndex": 1,
      "outcome": "No",
      "amountUSD": "478.42",
      "size": 478.898,
      "price": 0.999,
      "type": "BUY",
      "slug": "will-kang-hoon-sik-win-the-2026-seoul-mayoral-election",
      "eventSlug": "2026-seoul-mayoral-election-winner",
      "transactionHash": "0xb406bc63ba45b41bddf2070e6d9d91662a787ae39b8ea36c15f56f3b763364ef"
    },
    {
      "id": "0x026937a7da82c8fbab9109bd0bad112230f6707517e60565beb887235784b094:106405234384098636705619934390799517103843008849901435525749903985823036965501:1777616562:SELL",
      "timestamp": 1777616562,
      "user": {
        "id": "0xc003ff8b2f8cd2457d141af2ebc43837a18ab53a"
      },
      "market": {
        "question": "LoL: Hanwha Life Esports Challengers vs BNK FearX Youth - Game 2 Winner"
      },
      "outcomeIndex": 0,
      "outcome": "Hanwha Life Esports Challengers",
      "amountUSD": "165.47",
      "size": 165.64,
      "price": 0.999,
      "type": "SELL",
      "slug": "lol-hle-foxy-2026-05-01-game2",
      "eventSlug": "lol-hle-foxy-2026-05-01",
      "transactionHash": "0x026937a7da82c8fbab9109bd0bad112230f6707517e60565beb887235784b094"
    },
    {
      "id": "0xaa68ea60602f6355cba1db47bd84b7ecd96861ed5136659e432781afc09a8c14:65359627056451672695106978394308692793855450723052764371008283563815488809198:1777616560:BUY",
      "timestamp": 1777616560,
      "user": {
        "id": "0xcfb103c37c0234f524c632d964ed31f117b5f694"
      },
      "market": {
        "question": "Bitcoin Up or Down - May 1, 2:20AM-2:25AM ET"
      },
      "outcomeIndex": 1,
      "outcome": "Down",
      "amountUSD": "157.34",
      "size": 187.2,
      "price": 0.840508547008547,
      "type": "BUY",
      "slug": "btc-updown-5m-1777616400",
      "eventSlug": "btc-updown-5m-1777616400",
      "transactionHash": "0xaa68ea60602f6355cba1db47bd84b7ecd96861ed5136659e432781afc09a8c14"
    },
    {
      "id": "0xa379ddf40b878f7b4e733443d0af8c7d087c7147d31fd11cd53f3e3fdcdb88cb:7748228260083451588766372714845868360273795240974235274340111731197311252737:1777616556:BUY",
      "timestamp": 1777616556,
      "user": {
        "id": "0xc8fd7befd18f4e2e7aed04e19e6d6a1740eebce6"
      },
      "market": {
        "question": "US x Iran diplomatic meeting by May 15, 2026?"
      },
      "outcomeIndex": 0,
      "outcome": "Yes",
      "amountUSD": "120.00",
      "size": 500,
      "price": 0.24,
      "type": "BUY",
      "slug": "us-x-iran-diplomatic-meeting-by-may-15-2026",
      "eventSlug": "us-x-iran-diplomatic-meeting-by-329",
      "transactionHash": "0xa379ddf40b878f7b4e733443d0af8c7d087c7147d31fd11cd53f3e3fdcdb88cb"
    },
    {
      "id": "0x02796d28b0c72731c511f432ead98b1ffc43885d3070e376b42d3d6b62f03f50:68380670752256137221626353618201023777023337012959438518902720974831544588092:1777616556:BUY",
      "timestamp": 1777616556,
      "user": {
        "id": "0xf8cb9dc6ba5b962cb1c65a924d23a21dcee291d2"
      },
      "market": {
        "question": "Will the price of Bitcoin be above $82,000 on May 1?"
      },
      "outcomeIndex": 1,
      "outcome": "No",
      "amountUSD": "141.00",
      "size": 141.14114,
      "price": 0.9989999939068085,
      "type": "BUY",
      "slug": "bitcoin-above-82k-on-may-1",
      "eventSlug": "bitcoin-above-on-may-1",
      "transactionHash": "0x02796d28b0c72731c511f432ead98b1ffc43885d3070e376b42d3d6b62f03f50"
    },
    {
      "id": "0x3741f3625f2b5e79edd91b823c6f1774b2d88a729d5f93d9ab4561f56c326eb0:106405234384098636705619934390799517103843008849901435525749903985823036965501:1777616556:SELL",
      "timestamp": 1777616556,
      "user": {
        "id": "0xe6a1b1161239d3b888bbdcd690158e603853d6ec"
      },
      "market": {
        "question": "LoL: Hanwha Life Esports Challengers vs BNK FearX Youth - Game 2 Winner"
      },
      "outcomeIndex": 0,
      "outcome": "Hanwha Life Esports Challengers",
      "amountUSD": "321.17",
      "size": 321.49,
      "price": 0.999,
      "type": "SELL",
      "slug": "lol-hle-foxy-2026-05-01-game2",
      "eventSlug": "lol-hle-foxy-2026-05-01",
      "transactionHash": "0x3741f3625f2b5e79edd91b823c6f1774b2d88a729d5f93d9ab4561f56c326eb0"
    },
    {
      "id": "0x08c55934fbf28a364d4f24e219852bcc3d8c1621ebb76fa25c76f3bac40b5e8a:40417557107958279294974697137922580264432644322364844617646687048646025089093:1777616554:BUY",
      "timestamp": 1777616554,
      "user": {
        "id": "0xa2e443a9bc75d0b43f85b31c14b09eae3cb1bf9d"
      },
      "market": {
        "question": "LoL: T1 Academy vs Kiwoom DRX Challengers (BO3) - LCK Challengers League Rounds 1-2"
      },
      "outcomeIndex": 0,
      "outcome": "T1 Academy",
      "amountUSD": "288.95",
      "size": 706.19,
      "price": 0.40916184029793684,
      "type": "BUY",
      "slug": "lol-t1a-drxc-2026-05-01",
      "eventSlug": "lol-t1a-drxc-2026-05-01",
      "transactionHash": "0x08c55934fbf28a364d4f24e219852bcc3d8c1621ebb76fa25c76f3bac40b5e8a"
    },
    {
      "id": "0x7691596ab73c479171c117dded6f9774075e56be5ee73fa544c416af7dbd9b1a:43845520710626054354237469951944950816198522149166714594306904717977065889059:1777616550:BUY",
      "timestamp": 1777616550,
      "user": {
        "id": "0xd6a94387c293d456a443aa9b6c2302a3c6df8ef0"
      },
      "market": {
        "question": "Will Switzerland win Eurovision 2026?"
      },
      "outcomeIndex": 1,
      "outcome": "No",
      "amountUSD": "166.70",
      "size": 167.201333,
      "price": 0.9969999999940192,
      "type": "BUY",
      "slug": "will-switzerland-win-eurovision-2026",
      "eventSlug": "eurovision-winner-2026",
      "transactionHash": "0x7691596ab73c479171c117dded6f9774075e56be5ee73fa544c416af7dbd9b1a"
    },
    {
      "id": "0xd32a5937ee8d01c58506b101fbe0566ac562342ea50b5bb1964a291ee38fc156:106405234384098636705619934390799517103843008849901435525749903985823036965501:1777616548:SELL",
      "timestamp": 1777616548,
      "user": {
        "id": "0x9cd2e1b5f0c4fc1cc18ba019f180d2cdd98e34e9"
      },
      "market": {
        "question": "LoL: Hanwha Life Esports Challengers vs BNK FearX Youth - Game 2 Winner"
      },
      "outcomeIndex": 0,
      "outcome": "Hanwha Life Esports Challengers",
      "amountUSD": "249.75",
      "size": 250,
      "price": 0.999,
      "type": "SELL",
      "slug": "lol-hle-foxy-2026-05-01-game2",
      "eventSlug": "lol-hle-foxy-2026-05-01",
      "transactionHash": "0xd32a5937ee8d01c58506b101fbe0566ac562342ea50b5bb1964a291ee38fc156"
    },
    {
      "id": "0x16e581a51476786c6b43bd4fb155d4646d27142f12699730b6205a57259ea9b4:16735391771285941445401615956052324743124272348274952820359859379638645997506:1777616546:SELL",
      "timestamp": 1777616546,
      "user": {
        "id": "0xecaa8806a9a05049d7d5260a33dc924220e377a9"
      },
      "market": {
        "question": "US x Iran permanent peace deal by April 30, 2026?"
      },
      "outcomeIndex": 1,
      "outcome": "No",
      "amountUSD": "21701.00",
      "size": 21722.72,
      "price": 0.999,
      "type": "SELL",
      "slug": "us-x-iran-permanent-peace-deal-by-april-30-2026-925",
      "eventSlug": "us-x-iran-permanent-peace-deal-by",
      "transactionHash": "0x16e581a51476786c6b43bd4fb155d4646d27142f12699730b6205a57259ea9b4"
    },
    {
      "id": "0xb67ddb7c4a6f2d4abdc5bfbfce0de933acb13741e9bddd2da55e2cac094aff50:65359627056451672695106978394308692793855450723052764371008283563815488809198:1777616544:SELL",
      "timestamp": 1777616544,
      "user": {
        "id": "0xecca39ad1f729277ca96292160c2db58c8412292"
      },
      "market": {
        "question": "Bitcoin Up or Down - May 1, 2:20AM-2:25AM ET"
      },
      "outcomeIndex": 1,
      "outcome": "Down",
      "amountUSD": "373.64",
      "size": 552.1,
      "price": 0.6767665278029342,
      "type": "SELL",
      "slug": "btc-updown-5m-1777616400",
      "eventSlug": "btc-updown-5m-1777616400",
      "transactionHash": "0xb67ddb7c4a6f2d4abdc5bfbfce0de933acb13741e9bddd2da55e2cac094aff50"
    },
    {
      "id": "0xeb8a553191308538793b97b7c7d407e1de1a39611065831e3197c15033b34ba2:54959003157114977541168733862469059748930995812154110209408042619345011527820:1777616542:BUY",
      "timestamp": 1777616542,
      "user": {
        "id": "0x087832036d877284a544d4b4d45bc0ce27a97b50"
      },
      "market": {
        "question": "Will the lowest temperature in New York City be 39\u00b0F or below on May 2?"
      },
      "outcomeIndex": 1,
      "outcome": "No",
      "amountUSD": "137.59",
      "size": 138.35,
      "price": 0.9945131911817853,
      "type": "BUY",
      "slug": "lowest-temperature-in-nyc-on-may-2-2026-39forbelow",
      "eventSlug": "lowest-temperature-in-nyc-on-may-2-2026",
      "transactionHash": "0xeb8a553191308538793b97b7c7d407e1de1a39611065831e3197c15033b34ba2"
    },
    {
      "id": "0xa4d03b8bbb0ab885cfc937ed428dd8a489457c7c3c7a5884c201c7a515814140:38887676108194370693911926295565069195496402081015306277779949187239623444841:1777616542:BUY",
      "timestamp": 1777616542,
      "user": {
        "id": "0xc60bb547dbdf59c8d1746bc8a754accc3809d9f7"
      },
      "market": {
        "question": "Will the highest temperature in Hong Kong be 26\u00b0C on May 1?"
      },
      "outcomeIndex": 0,
      "outcome": "Yes",
      "amountUSD": "306.67",
      "size": 382.34,
      "price": 0.8020923785112727,
      "type": "BUY",
      "slug": "highest-temperature-in-hong-kong-on-may-1-2026-26c",
      "eventSlug": "highest-temperature-in-hong-kong-on-may-1-2026",
      "transactionHash": "0xa4d03b8bbb0ab885cfc937ed428dd8a489457c7c3c7a5884c201c7a515814140"
    },
    {
      "id": "0x556de0680d248a29771be29e9f9f530b52edc5eddc698b956e265d3512226649:9165669253188233633294445494019011230779740884645025495304788476715370153114:1777616534:BUY",
      "timestamp": 1777616534,
      "user": {
        "id": "0x3020e276ec7f48cc3707b9c003a7ed58c9beb2de"
      },
      "market": {
        "question": "Bitcoin Up or Down - May 1, 2AM ET"
      },
      "outcomeIndex": 0,
      "outcome": "Up",
      "amountUSD": "192.09",
      "size": 480.590951,
      "price": 0.3996954137407385,
      "type": "BUY",
      "slug": "bitcoin-up-or-down-may-1-2026-2am-et",
      "eventSlug": "bitcoin-up-or-down-may-1-2026-2am-et",
      "transactionHash": "0x556de0680d248a29771be29e9f9f530b52edc5eddc698b956e265d3512226649"
    },
    {
      "id": "0x0e3fd772912766db51aa3cedb486d3f8e3b283c59b2136dc082e94b20b852995:65652065262666433168143828460188123377751865571317729312655170081534213236077:1777616532:SELL",
      "timestamp": 1777616532,
      "user": {
        "id": "0xcebc37203b2b6a7813915e85e274924294b75048"
      },
      "market": {
        "question": "Will Egypt win the 2026 FIFA World Cup?"
      },
      "outcomeIndex": 1,
      "outcome": "No",
      "amountUSD": "124.82",
      "size": 125.45,
      "price": 0.995,
      "type": "SELL",
      "slug": "will-egypt-win-the-2026-fifa-world-cup",
      "eventSlug": "2026-fifa-world-cup-winner-595",
      "transactionHash": "0x0e3fd772912766db51aa3cedb486d3f8e3b283c59b2136dc082e94b20b852995"
    },
    {
      "id": "0x504e7f1212861a4dc1aa4f4ca33eb4f76b384ccf7a98f144474182f7c1a837b8:65359627056451672695106978394308692793855450723052764371008283563815488809198:1777616532:BUY",
      "timestamp": 1777616532,
      "user": {
        "id": "0xecca39ad1f729277ca96292160c2db58c8412292"
      },
      "market": {
        "question": "Bitcoin Up or Down - May 1, 2:20AM-2:25AM ET"
      },
      "outcomeIndex": 1,
      "outcome": "Down",
      "amountUSD": "325.65",
      "size": 405.94,
      "price": 0.8022022959057988,
      "type": "BUY",
      "slug": "btc-updown-5m-1777616400",
      "eventSlug": "btc-updown-5m-1777616400",
      "transactionHash": "0x504e7f1212861a4dc1aa4f4ca33eb4f76b384ccf7a98f144474182f7c1a837b8"
    },
    {
      "id": "0x19c53e7928ffe15e6a6739cce44efa77d84cbdf30c748d389cc4753c4e87bbf7:54442952070893082888428970064397947557063143067543094565460789895590372419460:1777616532:SELL",
      "timestamp": 1777616532,
      "user": {
        "id": "0x156b1a354e7b56b8a39a3b860d0352bdea1c0f5b"
      },
      "market": {
        "question": "Will Na Kyung-won win the 2026 Seoul Mayoral Election"
      },
      "outcomeIndex": 1,
      "outcome": "No",
      "amountUSD": "359.67",
      "size": 360.39,
      "price": 0.998,
      "type": "SELL",
      "slug": "will-na-kyung-won-win-the-2026-seoul-mayoral-election",
      "eventSlug": "2026-seoul-mayoral-election-winner",
      "transactionHash": "0x19c53e7928ffe15e6a6739cce44efa77d84cbdf30c748d389cc4753c4e87bbf7"
    },
    {
      "id": "0x311a5dbfffe3f7fbba1e46ba5e987847b079ab6ee1fdd5bfd2ef9ba393185654:50325246165657443726245430907883748796540778371466135108478470877169556977248:1777616530:BUY",
      "timestamp": 1777616530,
      "user": {
        "id": "0x596077741056919a349315cecade9c0d17ec7e2d"
      },
      "market": {
        "question": "Will Vivek Ramaswamy win the 2028 US Presidential Election?"
      },
      "outcomeIndex": 1,
      "outcome": "No",
      "amountUSD": "156.00",
      "size": 156.9415,
      "price": 0.994,
      "type": "BUY",
      "slug": "will-vivek-ramaswamy-win-the-2028-us-presidential-election",
      "eventSlug": "presidential-election-winner-2028",
      "transactionHash": "0x311a5dbfffe3f7fbba1e46ba5e987847b079ab6ee1fdd5bfd2ef9ba393185654"
    },
    {
      "id": "0x8d52cf3309a5f925f63ff9d8674c965b9348e1307d5a1fe17d9f4cbfb453e116:114064173109800169298791458792896550568473518058498956255336586977394431805083:1777616528:BUY",
      "timestamp": 1777616528,
      "user": {
        "id": "0x8bac688fb3dec077f95fc7c24c8d53740b9c6e2d"
      },
      "market": {
        "question": "Bitcoin Up or Down - May 1, 2:25AM-2:30AM ET"
      },
      "outcomeIndex": 0,
      "outcome": "Up",
      "amountUSD": "200.00",
      "size": 392.156861,
      "price": 0.5099999997195,
      "type": "BUY",
      "slug": "btc-updown-5m-1777616700",
      "eventSlug": "btc-updown-5m-1777616700",
      "transactionHash": "0x8d52cf3309a5f925f63ff9d8674c965b9348e1307d5a1fe17d9f4cbfb453e116"
    },
    {
      "id": "0x2cf1caba4e43379aedbc21db65a806e1342fbf2e252adf832894bdb7d70e6a2f:43845520710626054354237469951944950816198522149166714594306904717977065889059:1777616528:SELL",
      "timestamp": 1777616528,
      "user": {
        "id": "0x6af0f86cbaa0ed5018466a9d52a23fb0eb313785"
      },
      "market": {
        "question": "Will Switzerland win Eurovision 2026?"
      },
      "outcomeIndex": 1,
      "outcome": "No",
      "amountUSD": "233.71",
      "size": 234.65,
      "price": 0.996,
      "type": "SELL",
      "slug": "will-switzerland-win-eurovision-2026",
      "eventSlug": "eurovision-winner-2026",
      "transactionHash": "0x2cf1caba4e43379aedbc21db65a806e1342fbf2e252adf832894bdb7d70e6a2f"
    },
    {
      "id": "0x14cb5a5a2ff1c02843d6c0b1b454c313a7b84c943bd75554451ffd07816c7fdd:94145325717574302932397737177168364488209985859364399562848185951835699608421:1777616526:BUY",
      "timestamp": 1777616526,
      "user": {
        "id": "0x32c01fc8ed056ef4557dc7ad26224c0b36d6dc95"
      },
      "market": {
        "question": "Will Elon Musk post 0-19 tweets from May 1 to May 8, 2026?"
      },
      "outcomeIndex": 1,
      "outcome": "No",
      "amountUSD": "107.00",
      "size": 107.107,
      "price": 0.999,
      "type": "BUY",
      "slug": "elon-musk-of-tweets-may-1-may-8-0-19",
      "eventSlug": "elon-musk-of-tweets-may-1-may-8",
      "transactionHash": "0x14cb5a5a2ff1c02843d6c0b1b454c313a7b84c943bd75554451ffd07816c7fdd"
    },
    {
      "id": "0x3b27190a7e863e487dce5e7d332501aaab694a584a756eb9672a6ec3ea8884f1:77562513485403119708821693770214738187850913804718303946253165877901867525565:1777616526:SELL",
      "timestamp": 1777616526,
      "user": {
        "id": "0x8411662221fb0c0df78ffacfc7ba62ef04f0a7f1"
      },
      "market": {
        "question": "Will United Kingdom win Eurovision 2026?"
      },
      "outcomeIndex": 1,
      "outcome": "No",
      "amountUSD": "135.85",
      "size": 136.4,
      "price": 0.996,
      "type": "SELL",
      "slug": "will-united-kingdom-win-eurovision-2026",
      "eventSlug": "eurovision-winner-2026",
      "transactionHash": "0x3b27190a7e863e487dce5e7d332501aaab694a584a756eb9672a6ec3ea8884f1"
    },
    {
      "id": "0x7cb67539bc618a0506b85106eb001e938183fa5dfccb8a85da163a7106d5ebdf:3192096297883233317980054223347505806328861779294287219193063118192480857863:1777616524:SELL",
      "timestamp": 1777616524,
      "user": {
        "id": "0x41c7c15a7599fce93b3d98c1db23f373a211c3f1"
      },
      "market": {
        "question": "Will Saudi Aramco be the largest company in the world by market cap on June 30?"
      },
      "outcomeIndex": 1,
      "outcome": "No",
      "amountUSD": "162.00",
      "size": 162.65,
      "price": 0.996,
      "type": "SELL",
      "slug": "will-saudi-aramco-be-the-largest-company-in-the-world-by-market-cap-on-june-30",
      "eventSlug": "largest-company-end-of-june-712",
      "transactionHash": "0x7cb67539bc618a0506b85106eb001e938183fa5dfccb8a85da163a7106d5ebdf"
    },
    {
      "id": "0x671ee52da8a9f8d46a30da0d54c54f82026f9d7c1f43e897848db82a19cab57e:23867372970420400587387999037898773962597107227605219679094504041211930849697:1777616524:BUY",
      "timestamp": 1777616524,
      "user": {
        "id": "0xb7b3ed1c02a77a200b600ac407747be2f3b79573"
      },
      "market": {
        "question": "LoL: T1 Academy vs Kiwoom DRX Challengers - Game 2 Winner"
      },
      "outcomeIndex": 0,
      "outcome": "T1 Academy",
      "amountUSD": "270.54",
      "size": 509.99,
      "price": 0.5304839310574717,
      "type": "BUY",
      "slug": "lol-t1a-drxc-2026-05-01-game2",
      "eventSlug": "lol-t1a-drxc-2026-05-01",
      "transactionHash": "0x671ee52da8a9f8d46a30da0d54c54f82026f9d7c1f43e897848db82a19cab57e"
    },
    {
      "id": "0xb2b733037a8567423bf93cd09b79f6adfeadb4ef6b9a0b7f5cb579fd838bcac8:33475818227212847746403966008582455882754963596531140180803923599111189694751:1777616522:BUY",
      "timestamp": 1777616522,
      "user": {
        "id": "0x79d7b23dd5d8757ba1ca1d324c6633c2de6b893d"
      },
      "market": {
        "question": "Cagliari: Roman Andres Burruchaga vs Marcos Giron"
      },
      "outcomeIndex": 1,
      "outcome": "Marcos Giron",
      "amountUSD": "130.00",
      "size": 406.25,
      "price": 0.32,
      "type": "BUY",
      "slug": "atp-burruch-giron-2026-05-01",
      "eventSlug": "atp-burruch-giron-2026-05-01",
      "transactionHash": "0xb2b733037a8567423bf93cd09b79f6adfeadb4ef6b9a0b7f5cb579fd838bcac8"
    },
    {
      "id": "0x0916914e5b2202891888c24faeaf3f102478fcb3b7ea3e240e1fa6298f16e902:90509690488333711262609536667917493552266999151338242662989550069855750770717:1777616522:BUY",
      "timestamp": 1777616522,
      "user": {
        "id": "0x1de39f5a4b1313b99fd5278036b2964cc03ca1fa"
      },
      "market": {
        "question": "Jiujiang: Yunchaokete Bu vs Coleman Wong"
      },
      "outcomeIndex": 0,
      "outcome": "Yunchaokete Bu",
      "amountUSD": "993.00",
      "size": 1986,
      "price": 0.5,
      "type": "BUY",
      "slug": "atp-bu-wong-2026-04-30",
      "eventSlug": "atp-bu-wong-2026-04-30",
      "transactionHash": "0x0916914e5b2202891888c24faeaf3f102478fcb3b7ea3e240e1fa6298f16e902"
    },
    {
      "id": "0x46586be55d73fb6dbf82334dc9c46d9d00bb379aaa063125ebcc62f82fc9d663:55053374667733007627913689484290555932799177921000957543346276204775142445823:1777616522:SELL",
      "timestamp": 1777616522,
      "user": {
        "id": "0x4abef087755642b68065d51e08a49f6012a98ca1"
      },
      "market": {
        "question": "Will Roy Cooper win the 2028 Democratic presidential nomination?"
      },
      "outcomeIndex": 1,
      "outcome": "No",
      "amountUSD": "208.78",
      "size": 211.32,
      "price": 0.988,
      "type": "SELL",
      "slug": "will-roy-cooper-win-the-2028-democratic-presidential-nomination-286",
      "eventSlug": "democratic-presidential-nominee-2028",
      "transactionHash": "0x46586be55d73fb6dbf82334dc9c46d9d00bb379aaa063125ebcc62f82fc9d663"
    },
    {
      "id": "0x754a062a7e91cde0684a095e5a8a1f31b9fe89344e3cab11b00aae51134763d8:89733898832772253702414174003725690007576884789629754321557949524085217373197:1777616520:SELL",
      "timestamp": 1777616520,
      "user": {
        "id": "0x07126ee1cc7d4595e3ec31e7b164c3d8a689f02e"
      },
      "market": {
        "question": "Will Bitcoin dip to $70,000 in April?"
      },
      "outcomeIndex": 1,
      "outcome": "No",
      "amountUSD": "1067.58",
      "size": 1068.65,
      "price": 0.999,
      "type": "SELL",
      "slug": "will-bitcoin-dip-to-70000-in-april-118-383",
      "eventSlug": "what-price-will-bitcoin-hit-in-april-2026",
      "transactionHash": "0x754a062a7e91cde0684a095e5a8a1f31b9fe89344e3cab11b00aae51134763d8"
    },
    {
      "id": "0x07aeb39ce542497beb099bb722fb64cc10f5d2a21c57fff86854554ad40cc9c7:12566777598600159353174706765614999475127224226953146168493877143916697651868:1777616518:BUY",
      "timestamp": 1777616518,
      "user": {
        "id": "0xc3e550fae1c90b71675f3355e5864c240bea519d"
      },
      "market": {
        "question": "Dota 2: Xtreme Gaming vs Roar Gaming (BO1) - ACL X ESL Challenger China Playoffs"
      },
      "outcomeIndex": 0,
      "outcome": "Xtreme Gaming",
      "amountUSD": "351.29",
      "size": 368.36,
      "price": 0.9536475187316755,
      "type": "BUY",
      "slug": "dota2-xtreme-roar-2026-05-01",
      "eventSlug": "dota2-xtreme-roar-2026-05-01",
      "transactionHash": "0x07aeb39ce542497beb099bb722fb64cc10f5d2a21c57fff86854554ad40cc9c7"
    },
    {
      "id": "0x71fd32c3113c1770192c3d60dd948ebab69b9e35b3741ee83bb7b566bc324daf:95075365551275909670654175471918731016993799284905170025106257613883510717882:1777616518:BUY",
      "timestamp": 1777616518,
      "user": {
        "id": "0xa160602da183fdce0122bc927e7fdb9d36c67b21"
      },
      "market": {
        "question": "Will Perena launch a token by June 30, 2026?"
      },
      "outcomeIndex": 1,
      "outcome": "No",
      "amountUSD": "150.97",
      "size": 158.92,
      "price": 0.95,
      "type": "BUY",
      "slug": "will-perena-launch-a-token-by-june-30-2026",
      "eventSlug": "will-perena-launch-a-token-by",
      "transactionHash": "0x71fd32c3113c1770192c3d60dd948ebab69b9e35b3741ee83bb7b566bc324daf"
    },
    {
      "id": "0x72c53d8bda20350ba1665818f2fe7145a268d9eb4d8effd35cdebe495c3b06ab:37447511379522398432449005091608134222568504777991181917112964707698859800599:1777616516:SELL",
      "timestamp": 1777616516,
      "user": {
        "id": "0x6628d459a1ba4f231513f27232415af529a005ae"
      },
      "market": {
        "question": "LoL: T1 Academy vs Kiwoom DRX Challengers - Game 1 Winner"
      },
      "outcomeIndex": 1,
      "outcome": "Kiwoom DRX Challengers",
      "amountUSD": "284.71",
      "size": 285,
      "price": 0.999,
      "type": "SELL",
      "slug": "lol-t1a-drxc-2026-05-01-game1",
      "eventSlug": "lol-t1a-drxc-2026-05-01",
      "transactionHash": "0x72c53d8bda20350ba1665818f2fe7145a268d9eb4d8effd35cdebe495c3b06ab"
    },
    {
      "id": "0xb57cc96a14ff84c376aaa30fa14b342fafc4236a5e925c2aae9d84cf7062f107:50335130575909019570481288261923539666549269210813804299376143524912825226013:1777616516:BUY",
      "timestamp": 1777616516,
      "user": {
        "id": "0x1a941f6519cdf6a607cb387e87f7ddf512f403d3"
      },
      "market": {
        "question": "Will Alex Padilla win the California Governor Election in 2026?"
      },
      "outcomeIndex": 1,
      "outcome": "No",
      "amountUSD": "120.33",
      "size": 120.571,
      "price": 0.998,
      "type": "BUY",
      "slug": "will-alex-padilla-win-the-california-governor-election-in-2026",
      "eventSlug": "california-governor-election-2026",
      "transactionHash": "0xb57cc96a14ff84c376aaa30fa14b342fafc4236a5e925c2aae9d84cf7062f107"
    },
    {
      "id": "0xa60025bf0ada0d127dc6f111009817072e3b11b336a035fc60944f1520dd7af4:70848201215236765149319201325296808460018254860617734322618448941318647837439:1777616514:BUY",
      "timestamp": 1777616514,
      "user": {
        "id": "0x60da4afc88caff939f2a700043bfbd65f54740d9"
      },
      "market": {
        "question": "Will Albania win Eurovision 2026?"
      },
      "outcomeIndex": 1,
      "outcome": "No",
      "amountUSD": "253.72",
      "size": 254.228,
      "price": 0.998,
      "type": "BUY",
      "slug": "will-albania-win-eurovision-2026",
      "eventSlug": "eurovision-winner-2026",
      "transactionHash": "0xa60025bf0ada0d127dc6f111009817072e3b11b336a035fc60944f1520dd7af4"
    },
    {
      "id": "0xf1c4040aa12194d5fe1e00c61e11a1a821166c8b5d0627a0b078d1c179b82c71:51335026900511121172886671510765892467376178035614364304866967243515317632750:1777616514:SELL",
      "timestamp": 1777616514,
      "user": {
        "id": "0xdc96b29216be53da7ed6d79dcf7e5344113d24dd"
      },
      "market": {
        "question": "Will Ayelet Shaked be the next Prime Minister of Israel?"
      },
      "outcomeIndex": 1,
      "outcome": "No",
      "amountUSD": "890.90",
      "size": 893.58,
      "price": 0.997,
      "type": "SELL",
      "slug": "will-ayelet-shaked-be-the-next-prime-minister-of-israel",
      "eventSlug": "who-will-be-the-next-prime-minister-of-israel-after-the-next-election",
      "transactionHash": "0xf1c4040aa12194d5fe1e00c61e11a1a821166c8b5d0627a0b078d1c179b82c71"
    },
    {
      "id": "0xc9c7b96d32a6dd3d5340a9e61215b3a4ec30a1bfff8fcf44ff29b8a519c183ec:78034582458652085897694090673950811469941243590325007090210923420397952167269:1777616514:BUY",
      "timestamp": 1777616514,
      "user": {
        "id": "0x92b38d72469c7ed564b955f03ac722e14a628e4e"
      },
      "market": {
        "question": "Will Nico H\u00fclkenberg be the 2026 F1 Drivers' Champion?"
      },
      "outcomeIndex": 1,
      "outcome": "No",
      "amountUSD": "324.00",
      "size": 324.974666,
      "price": 0.9969999999938457,
      "type": "BUY",
      "slug": "will-nico-hlkenberg-be-the-2026-f1-drivers-champion",
      "eventSlug": "2026-f1-drivers-champion",
      "transactionHash": "0xc9c7b96d32a6dd3d5340a9e61215b3a4ec30a1bfff8fcf44ff29b8a519c183ec"
    },
    {
      "id": "0x76c042dd8a5c3490651acbc249fec746a2aaacb96aef58d750d8f6f1f6eb4dc9:107146110974011455665373243296921398136854344089489911087344946921091914123046:1777616512:SELL",
      "timestamp": 1777616512,
      "user": {
        "id": "0xa530c55d9bb420fc2530972cc38477a378d3d950"
      },
      "market": {
        "question": "Will Michelle Obama win the 2028 Democratic presidential nomination?"
      },
      "outcomeIndex": 1,
      "outcome": "No",
      "amountUSD": "122.87",
      "size": 124.24,
      "price": 0.989,
      "type": "SELL",
      "slug": "will-michelle-obama-win-the-2028-democratic-presidential-nomination-777",
      "eventSlug": "democratic-presidential-nominee-2028",
      "transactionHash": "0x76c042dd8a5c3490651acbc249fec746a2aaacb96aef58d750d8f6f1f6eb4dc9"
    },
    {
      "id": "0x0dd64d71c2261e6d4f8fcdc97ae9a65985f213efb56ec98ee1efac34083820be:67331323730870997983073120347100571094007685735476078861067146129045593498071:1777616512:BUY",
      "timestamp": 1777616512,
      "user": {
        "id": "0xde9f7f4e77a1595623ceb58e469f776257ccd43c"
      },
      "market": {
        "question": "Huzhou: Xiyu Wang vs Polona Hercog"
      },
      "outcomeIndex": 1,
      "outcome": "Polona Hercog",
      "amountUSD": "229.45",
      "size": 2546.72,
      "price": 0.09009635923854997,
      "type": "BUY",
      "slug": "wta-wan-hercog-2026-04-30",
      "eventSlug": "wta-wan-hercog-2026-04-30",
      "transactionHash": "0x0dd64d71c2261e6d4f8fcdc97ae9a65985f213efb56ec98ee1efac34083820be"
    },
    {
      "id": "0x3837e77dfb275b465df1fb507d11cfd7be6663d7c4aec8dca3293d71681b570b:106405234384098636705619934390799517103843008849901435525749903985823036965501:1777616508:BUY",
      "timestamp": 1777616508,
      "user": {
        "id": "0xd703c88c0b726ae01ee9602a422013ca8d4171bf"
      },
      "market": {
        "question": "LoL: Hanwha Life Esports Challengers vs BNK FearX Youth - Game 2 Winner"
      },
      "outcomeIndex": 0,
      "outcome": "Hanwha Life Esports Challengers",
      "amountUSD": "9990.00",
      "size": 10000,
      "price": 0.999,
      "type": "BUY",
      "slug": "lol-hle-foxy-2026-05-01-game2",
      "eventSlug": "lol-hle-foxy-2026-05-01",
      "transactionHash": "0x3837e77dfb275b465df1fb507d11cfd7be6663d7c4aec8dca3293d71681b570b"
    },
    {
      "id": "0x2062d36e5765557763f52d104ea28cf462961ec1c02555c3b786bd23d3ad00ff:78713417768092818576621496059969186304884164186325905917751206627126126378968:1777616506:BUY",
      "timestamp": 1777616506,
      "user": {
        "id": "0x65fbacd00e67c4c6b39373f6de50010f631b3568"
      },
      "market": {
        "question": "Will Amazon.com, Inc. (AMZN) hit (LOW) $240 Week of April 27 2026?"
      },
      "outcomeIndex": 1,
      "outcome": "No",
      "amountUSD": "134.70",
      "size": 134.94,
      "price": 0.9982142433674226,
      "type": "BUY",
      "slug": "will-amzn-dip-to-240-by-april-27-2026",
      "eventSlug": "will-amzn-hit-week-of-april-27-2026",
      "transactionHash": "0x2062d36e5765557763f52d104ea28cf462961ec1c02555c3b786bd23d3ad00ff"
    },
    {
      "id": "0x7ab6caaf3d7d383547f1c644f7349206e029b65761cbb6f5126d419eef114936:59252515735652674747158950210016502214756531287333895140318848923768750410355:1777616502:BUY",
      "timestamp": 1777616502,
      "user": {
        "id": "0x4bf8f9e4a7cf5450e8a41a2b4c7b765c3c0f7651"
      },
      "market": {
        "question": "Trump out as President before 2027?"
      },
      "outcomeIndex": 0,
      "outcome": "Yes",
      "amountUSD": "102.20",
      "size": 730,
      "price": 0.14,
      "type": "BUY",
      "slug": "trump-out-as-president-before-2027",
      "eventSlug": "trump-out-as-president-before-2027",
      "transactionHash": "0x7ab6caaf3d7d383547f1c644f7349206e029b65761cbb6f5126d419eef114936"
    },
    {
      "id": "0xdb535727b0bd871d21bafe207a3699fdefbefa0b787703947780d8f273bc2cad:40417557107958279294974697137922580264432644322364844617646687048646025089093:1777616502:BUY",
      "timestamp": 1777616502,
      "user": {
        "id": "0x62028ee8f89e245231796a028115358662928872"
      },
      "market": {
        "question": "LoL: T1 Academy vs Kiwoom DRX Challengers (BO3) - LCK Challengers League Rounds 1-2"
      },
      "outcomeIndex": 0,
      "outcome": "T1 Academy",
      "amountUSD": "158.62",
      "size": 389,
      "price": 0.40776349614395885,
      "type": "BUY",
      "slug": "lol-t1a-drxc-2026-05-01",
      "eventSlug": "lol-t1a-drxc-2026-05-01",
      "transactionHash": "0xdb535727b0bd871d21bafe207a3699fdefbefa0b787703947780d8f273bc2cad"
    },
    {
      "id": "0x93c04f65600775e44691a37a26f3b6b438e40ebcfb3c544d394b415c986ed578:95075365551275909670654175471918731016993799284905170025106257613883510717882:1777616502:BUY",
      "timestamp": 1777616502,
      "user": {
        "id": "0xa160602da183fdce0122bc927e7fdb9d36c67b21"
      },
      "market": {
        "question": "Will Perena launch a token by June 30, 2026?"
      },
      "outcomeIndex": 1,
      "outcome": "No",
      "amountUSD": "141.00",
      "size": 150,
      "price": 0.94,
      "type": "BUY",
      "slug": "will-perena-launch-a-token-by-june-30-2026",
      "eventSlug": "will-perena-launch-a-token-by",
      "transactionHash": "0x93c04f65600775e44691a37a26f3b6b438e40ebcfb3c544d394b415c986ed578"
    },
    {
      "id": "0x417d4e5115be3e4a238c412985b9df094d1dd2d22596b30835b5fd15a7faca00:105660662592019569014977056432791621081935614369888285226831667172670667710008:1777616502:BUY",
      "timestamp": 1777616502,
      "user": {
        "id": "0xd255008dda75f27395d50613b264c9759a613c50"
      },
      "market": {
        "question": "Will the highest temperature in Seattle be between 66-67\u00b0F on May 2?"
      },
      "outcomeIndex": 1,
      "outcome": "No",
      "amountUSD": "394.39",
      "size": 398.37,
      "price": 0.99,
      "type": "BUY",
      "slug": "highest-temperature-in-seattle-on-may-2-2026-66-67f",
      "eventSlug": "highest-temperature-in-seattle-on-may-2-2026",
      "transactionHash": "0x417d4e5115be3e4a238c412985b9df094d1dd2d22596b30835b5fd15a7faca00"
    },
    {
      "id": "0x32c2b3d934a8ad7b1f2c15ed6f90ad2e5745ebc7826d48b3ab56d7dfd4f5029e:90509690488333711262609536667917493552266999151338242662989550069855750770717:1777616500:BUY",
      "timestamp": 1777616500,
      "user": {
        "id": "0x1de39f5a4b1313b99fd5278036b2964cc03ca1fa"
      },
      "market": {
        "question": "Jiujiang: Yunchaokete Bu vs Coleman Wong"
      },
      "outcomeIndex": 0,
      "outcome": "Yunchaokete Bu",
      "amountUSD": "500.00",
      "size": 961.53846,
      "price": 0.519999999792,
      "type": "BUY",
      "slug": "atp-bu-wong-2026-04-30",
      "eventSlug": "atp-bu-wong-2026-04-30",
      "transactionHash": "0x32c2b3d934a8ad7b1f2c15ed6f90ad2e5745ebc7826d48b3ab56d7dfd4f5029e"
    },
    {
      "id": "0x13ab54d138dad9fefa4cd94943221783550a9d6b0eb49a92a7beb13c637754b1:23867372970420400587387999037898773962597107227605219679094504041211930849697:1777616500:BUY",
      "timestamp": 1777616500,
      "user": {
        "id": "0x53a50fd07101e9eba8a9f79f0a6c5853213255df"
      },
      "market": {
        "question": "LoL: T1 Academy vs Kiwoom DRX Challengers - Game 2 Winner"
      },
      "outcomeIndex": 0,
      "outcome": "T1 Academy",
      "amountUSD": "207.54",
      "size": 433.623332,
      "price": 0.4786181547075977,
      "type": "BUY",
      "slug": "lol-t1a-drxc-2026-05-01-game2",
      "eventSlug": "lol-t1a-drxc-2026-05-01",
      "transactionHash": "0x13ab54d138dad9fefa4cd94943221783550a9d6b0eb49a92a7beb13c637754b1"
    },
    {
      "id": "0x15653d38cf8ad6c5f14d02f8cab78077cec39dffb2be79e7d3fed96b5ce958bd:95075365551275909670654175471918731016993799284905170025106257613883510717882:1777616498:BUY",
      "timestamp": 1777616498,
      "user": {
        "id": "0xa160602da183fdce0122bc927e7fdb9d36c67b21"
      },
      "market": {
        "question": "Will Perena launch a token by June 30, 2026?"
      },
      "outcomeIndex": 1,
      "outcome": "No",
      "amountUSD": "115.14",
      "size": 125.15,
      "price": 0.92,
      "type": "BUY",
      "slug": "will-perena-launch-a-token-by-june-30-2026",
      "eventSlug": "will-perena-launch-a-token-by",
      "transactionHash": "0x15653d38cf8ad6c5f14d02f8cab78077cec39dffb2be79e7d3fed96b5ce958bd"
    },
    {
      "id": "0x710be33e61173103907820174b225238ae26d857bb453a8f58c12a0adcf166ae:35458733425021369518224383181183526269511353161052003336876735517491897561081:1777616498:SELL",
      "timestamp": 1777616498,
      "user": {
        "id": "0x92b38d72469c7ed564b955f03ac722e14a628e4e"
      },
      "market": {
        "question": "Will Alexander Albon be the 2026 F1 Drivers' Champion?"
      },
      "outcomeIndex": 1,
      "outcome": "No",
      "amountUSD": "289.70",
      "size": 291.16,
      "price": 0.995,
      "type": "SELL",
      "slug": "will-alexander-albon-be-the-2026-f1-drivers-champion",
      "eventSlug": "2026-f1-drivers-champion",
      "transactionHash": "0x710be33e61173103907820174b225238ae26d857bb453a8f58c12a0adcf166ae"
    },
    {
      "id": "0x30b7a73e5f8ea4d047b12db8a8307973379286f80015bd140b99a638cc51f99c:54442952070893082888428970064397947557063143067543094565460789895590372419460:1777616498:BUY",
      "timestamp": 1777616498,
      "user": {
        "id": "0x156b1a354e7b56b8a39a3b860d0352bdea1c0f5b"
      },
      "market": {
        "question": "Will Na Kyung-won win the 2026 Seoul Mayoral Election"
      },
      "outcomeIndex": 1,
      "outcome": "No",
      "amountUSD": "360.03",
      "size": 360.39,
      "price": 0.999,
      "type": "BUY",
      "slug": "will-na-kyung-won-win-the-2026-seoul-mayoral-election",
      "eventSlug": "2026-seoul-mayoral-election-winner",
      "transactionHash": "0x30b7a73e5f8ea4d047b12db8a8307973379286f80015bd140b99a638cc51f99c"
    },
    {
      "id": "0x29c6b32635e5e563e21634f7d9ce3fe940863ac9dbfa65f38e4999ac607d5d23:23867372970420400587387999037898773962597107227605219679094504041211930849697:1777616496:BUY",
      "timestamp": 1777616496,
      "user": {
        "id": "0x31864feb9d25dee93728c6225ba891530967e9ca"
      },
      "market": {
        "question": "LoL: T1 Academy vs Kiwoom DRX Challengers - Game 2 Winner"
      },
      "outcomeIndex": 0,
      "outcome": "T1 Academy",
      "amountUSD": "600.00",
      "size": 1250,
      "price": 0.48,
      "type": "BUY",
      "slug": "lol-t1a-drxc-2026-05-01-game2",
      "eventSlug": "lol-t1a-drxc-2026-05-01",
      "transactionHash": "0x29c6b32635e5e563e21634f7d9ce3fe940863ac9dbfa65f38e4999ac607d5d23"
    },
    {
      "id": "0x05314104868ffedfbbe184c50535ddb88fc6ff858d8c385ce0e43357953bc083:65359627056451672695106978394308692793855450723052764371008283563815488809198:1777616494:SELL",
      "timestamp": 1777616494,
      "user": {
        "id": "0xabb35eadf71d7d8aca071741503de3e13a3ec184"
      },
      "market": {
        "question": "Bitcoin Up or Down - May 1, 2:20AM-2:25AM ET"
      },
      "outcomeIndex": 1,
      "outcome": "Down",
      "amountUSD": "151.91",
      "size": 189.89,
      "price": 0.8,
      "type": "SELL",
      "slug": "btc-updown-5m-1777616400",
      "eventSlug": "btc-updown-5m-1777616400",
      "transactionHash": "0x05314104868ffedfbbe184c50535ddb88fc6ff858d8c385ce0e43357953bc083"
    },
    {
      "id": "0xb0db334961ae60b51d58c9a2878f31160a636a90757222a5d0e34f2ed0a0606d:103222008346310280585990411866935529300070603791916941524573996937131218329458:1777616494:BUY",
      "timestamp": 1777616494,
      "user": {
        "id": "0x0de4f1b5aaf15bc46b687607f4d74811a25dca4c"
      },
      "market": {
        "question": "Will Val\u00e9rie P\u00e9cresse win the 2027 French presidential election?"
      },
      "outcomeIndex": 1,
      "outcome": "No",
      "amountUSD": "174.00",
      "size": 175.226571,
      "price": 0.9929999999828794,
      "type": "BUY",
      "slug": "will-valrie-pcresse-win-the-2027-french-presidential-election",
      "eventSlug": "next-french-presidential-election",
      "transactionHash": "0xb0db334961ae60b51d58c9a2878f31160a636a90757222a5d0e34f2ed0a0606d"
    },
    {
      "id": "0x8df9b7d376f8cbefc8bc5c970f7e24d6d667550df9332350b6504776c7b3b2ef:107363423225672743655779846488689050631000527420640103703897802484985980496104:1777616494:BUY",
      "timestamp": 1777616494,
      "user": {
        "id": "0x27753c9c8dcdec6f35e30c3dc64fcd0797d93652"
      },
      "market": {
        "question": "LoL: T1 Academy vs Kiwoom DRX Challengers - Game 2 Winner"
      },
      "outcomeIndex": 1,
      "outcome": "Kiwoom DRX Challengers",
      "amountUSD": "200.00",
      "size": 350.87719,
      "price": 0.569999999145,
      "type": "BUY",
      "slug": "lol-t1a-drxc-2026-05-01-game2",
      "eventSlug": "lol-t1a-drxc-2026-05-01",
      "transactionHash": "0x8df9b7d376f8cbefc8bc5c970f7e24d6d667550df9332350b6504776c7b3b2ef"
    },
    {
      "id": "0xc53c868d2a342bd000aa88b0a8ecf5f170dae499d29cb5387258a95f8ef2f294:65359627056451672695106978394308692793855450723052764371008283563815488809198:1777616490:BUY",
      "timestamp": 1777616490,
      "user": {
        "id": "0xd3f0b5749d2f3fb33c28234d6dbda59f49d9c18b"
      },
      "market": {
        "question": "Bitcoin Up or Down - May 1, 2:20AM-2:25AM ET"
      },
      "outcomeIndex": 1,
      "outcome": "Down",
      "amountUSD": "400.00",
      "size": 483.659518,
      "price": 0.8270280643996342,
      "type": "BUY",
      "slug": "btc-updown-5m-1777616400",
      "eventSlug": "btc-updown-5m-1777616400",
      "transactionHash": "0xc53c868d2a342bd000aa88b0a8ecf5f170dae499d29cb5387258a95f8ef2f294"
    },
    {
      "id": "0x9d259e4009ecf5e7348dd4da474678a914d6597688fcf6f66afd579385176328:65359627056451672695106978394308692793855450723052764371008283563815488809198:1777616488:BUY",
      "timestamp": 1777616488,
      "user": {
        "id": "0xc547326c577e21102f85e36b06cdb70d05e87b30"
      },
      "market": {
        "question": "Bitcoin Up or Down - May 1, 2:20AM-2:25AM ET"
      },
      "outcomeIndex": 1,
      "outcome": "Down",
      "amountUSD": "118.40",
      "size": 160,
      "price": 0.74,
      "type": "BUY",
      "slug": "btc-updown-5m-1777616400",
      "eventSlug": "btc-updown-5m-1777616400",
      "transactionHash": "0x9d259e4009ecf5e7348dd4da474678a914d6597688fcf6f66afd579385176328"
    },
    {
      "id": "0xd7e2d76b597e956945f3979e902104859ed97d84e3cd9c6bedac30139466e939:61691418582792863494478421956982361070242768959216655792377992794196934451147:1777616488:BUY",
      "timestamp": 1777616488,
      "user": {
        "id": "0x937bcac3a8a30c07d827ad0550c3fe3a6756bfab"
      },
      "market": {
        "question": "Will the highest temperature in Karachi be 36\u00b0C on May 1?"
      },
      "outcomeIndex": 1,
      "outcome": "No",
      "amountUSD": "454.53",
      "size": 466.03,
      "price": 0.9753209020878484,
      "type": "BUY",
      "slug": "highest-temperature-in-karachi-on-may-1-2026-36c",
      "eventSlug": "highest-temperature-in-karachi-on-may-1-2026",
      "transactionHash": "0xd7e2d76b597e956945f3979e902104859ed97d84e3cd9c6bedac30139466e939"
    },
    {
      "id": "0x59b52a998130e2f9dfd7ce900f8e1e536aa0b87680b740350088820206df4657:22471999772914609035008469882383438680957666834973872026523412967178344670343:1777616488:BUY",
      "timestamp": 1777616488,
      "user": {
        "id": "0x937bcac3a8a30c07d827ad0550c3fe3a6756bfab"
      },
      "market": {
        "question": "Will the highest temperature in Karachi be 37\u00b0C or higher on May 1?"
      },
      "outcomeIndex": 0,
      "outcome": "Yes",
      "amountUSD": "458.26",
      "size": 465.97,
      "price": 0.9834545142391141,
      "type": "BUY",
      "slug": "highest-temperature-in-karachi-on-may-1-2026-37corhigher",
      "eventSlug": "highest-temperature-in-karachi-on-may-1-2026",
      "transactionHash": "0x59b52a998130e2f9dfd7ce900f8e1e536aa0b87680b740350088820206df4657"
    },
    {
      "id": "0x76f01541b14955e407f7622f25ffe52db2fb4efb4c0b6af4f80c719fa331dc3e:65359627056451672695106978394308692793855450723052764371008283563815488809198:1777616488:BUY",
      "timestamp": 1777616488,
      "user": {
        "id": "0xa6896d11f76dfa2820662c1f441496f51553559b"
      },
      "market": {
        "question": "Bitcoin Up or Down - May 1, 2:20AM-2:25AM ET"
      },
      "outcomeIndex": 1,
      "outcome": "Down",
      "amountUSD": "104.51",
      "size": 141,
      "price": 0.7412191489361702,
      "type": "BUY",
      "slug": "btc-updown-5m-1777616400",
      "eventSlug": "btc-updown-5m-1777616400",
      "transactionHash": "0x76f01541b14955e407f7622f25ffe52db2fb4efb4c0b6af4f80c719fa331dc3e"
    },
    {
      "id": "0x3a1be0006f4e51f5896b6934284ee08ad9e27cac7ad53321c2dde64e9af06d36:79077794422167920966824709059776013954029571150285919527850254672372752331114:1777616488:BUY",
      "timestamp": 1777616488,
      "user": {
        "id": "0x5a9c1aa7aa93e4c5dfe5c6dc0c6d1c6c3f7cc336"
      },
      "market": {
        "question": "Will the highest temperature in Beijing be 29\u00b0C on May 1?"
      },
      "outcomeIndex": 1,
      "outcome": "No",
      "amountUSD": "222.68",
      "size": 223.8,
      "price": 0.9949973190348526,
      "type": "BUY",
      "slug": "highest-temperature-in-beijing-on-may-1-2026-29c",
      "eventSlug": "highest-temperature-in-beijing-on-may-1-2026",
      "transactionHash": "0x3a1be0006f4e51f5896b6934284ee08ad9e27cac7ad53321c2dde64e9af06d36"
    },
    {
      "id": "0x80cb7df6a9cc8c62e3b39addbfbd63031d0e0cbac9b19877921bbac24ef22bce:38887676108194370693911926295565069195496402081015306277779949187239623444841:1777616488:BUY",
      "timestamp": 1777616488,
      "user": {
        "id": "0x13f42593aadba1672e93a5f116684a5b7bb993cb"
      },
      "market": {
        "question": "Will the highest temperature in Hong Kong be 26\u00b0C on May 1?"
      },
      "outcomeIndex": 0,
      "outcome": "Yes",
      "amountUSD": "102.00",
      "size": 127.5,
      "price": 0.8,
      "type": "BUY",
      "slug": "highest-temperature-in-hong-kong-on-may-1-2026-26c",
      "eventSlug": "highest-temperature-in-hong-kong-on-may-1-2026",
      "transactionHash": "0x80cb7df6a9cc8c62e3b39addbfbd63031d0e0cbac9b19877921bbac24ef22bce"
    },
    {
      "id": "0x80b255d1228094bac1e1b7e18135a926d6df89fea0a4d16a81d77e3ac33b2ff9:65359627056451672695106978394308692793855450723052764371008283563815488809198:1777616486:BUY",
      "timestamp": 1777616486,
      "user": {
        "id": "0x927f7694de44d19a72bce76254e628d1c141d215"
      },
      "market": {
        "question": "Bitcoin Up or Down - May 1, 2:20AM-2:25AM ET"
      },
      "outcomeIndex": 1,
      "outcome": "Down",
      "amountUSD": "119.20",
      "size": 160,
      "price": 0.74499,
      "type": "BUY",
      "slug": "btc-updown-5m-1777616400",
      "eventSlug": "btc-updown-5m-1777616400",
      "transactionHash": "0x80b255d1228094bac1e1b7e18135a926d6df89fea0a4d16a81d77e3ac33b2ff9"
    },
    {
      "id": "0x9bca8b985130b6f9d86043627bd0efb4bde7f949a53381fbb57064ce91b6729d:78713417768092818576621496059969186304884164186325905917751206627126126378968:1777616484:BUY",
      "timestamp": 1777616484,
      "user": {
        "id": "0xf2a7d71c0f7b7fc600366cb0050a6428308c0bfc"
      },
      "market": {
        "question": "Will Amazon.com, Inc. (AMZN) hit (LOW) $240 Week of April 27 2026?"
      },
      "outcomeIndex": 1,
      "outcome": "No",
      "amountUSD": "113.30",
      "size": 113.640921,
      "price": 0.9969999979144837,
      "type": "BUY",
      "slug": "will-amzn-dip-to-240-by-april-27-2026",
      "eventSlug": "will-amzn-hit-week-of-april-27-2026",
      "transactionHash": "0x9bca8b985130b6f9d86043627bd0efb4bde7f949a53381fbb57064ce91b6729d"
    },
    {
      "id": "0xdb3bc7867bdefdd9e76d3861f0d2fe44273e31f815406c473c2fb1f00b25b1de:107363423225672743655779846488689050631000527420640103703897802484985980496104:1777616484:BUY",
      "timestamp": 1777616484,
      "user": {
        "id": "0x31864feb9d25dee93728c6225ba891530967e9ca"
      },
      "market": {
        "question": "LoL: T1 Academy vs Kiwoom DRX Challengers - Game 2 Winner"
      },
      "outcomeIndex": 1,
      "outcome": "Kiwoom DRX Challengers",
      "amountUSD": "195.60",
      "size": 376.19,
      "price": 0.5199532151306521,
      "type": "BUY",
      "slug": "lol-t1a-drxc-2026-05-01-game2",
      "eventSlug": "lol-t1a-drxc-2026-05-01",
      "transactionHash": "0xdb3bc7867bdefdd9e76d3861f0d2fe44273e31f815406c473c2fb1f00b25b1de"
    },
    {
      "id": "0xa0cb8e8470e78ee49423987e8bfc9a374c818fbf7936f92dbbd56b6fd64dad79:50006744810478935905666901114263070763160455522046948116135129549189000665207:1777616484:BUY",
      "timestamp": 1777616484,
      "user": {
        "id": "0xe3ca6dc8c3700284bb9db40106331eb19dfb8490"
      },
      "market": {
        "question": "Will Han Dong-hoon win the 2026 Seoul Mayoral Election"
      },
      "outcomeIndex": 1,
      "outcome": "No",
      "amountUSD": "120.00",
      "size": 120.12,
      "price": 0.999,
      "type": "BUY",
      "slug": "will-han-dong-hoon-win-the-2026-seoul-mayoral-election",
      "eventSlug": "2026-seoul-mayoral-election-winner",
      "transactionHash": "0xa0cb8e8470e78ee49423987e8bfc9a374c818fbf7936f92dbbd56b6fd64dad79"
    },
    {
      "id": "0x82f1fc86454570d1277ebec4236afb459043ec393634030106de1a428b538071:93312741267449327975188658864402769699615280139313473835550038409391354019832:1777616482:BUY",
      "timestamp": 1777616482,
      "user": {
        "id": "0x9ea6b5f4e55f19b9837d6fc81a5147df66a7e76c"
      },
      "market": {
        "question": "Will the price of Bitcoin be above $84,000 on May 2?"
      },
      "outcomeIndex": 1,
      "outcome": "No",
      "amountUSD": "100.75",
      "size": 100.85,
      "price": 0.999,
      "type": "BUY",
      "slug": "bitcoin-above-84k-on-may-2",
      "eventSlug": "bitcoin-above-on-may-2",
      "transactionHash": "0x82f1fc86454570d1277ebec4236afb459043ec393634030106de1a428b538071"
    },
    {
      "id": "0x736c5a32a23685251ce99fb9746a2ba32f2943a05b62bc6895312e54b21134a0:65359627056451672695106978394308692793855450723052764371008283563815488809198:1777616482:BUY",
      "timestamp": 1777616482,
      "user": {
        "id": "0xd3f0b5749d2f3fb33c28234d6dbda59f49d9c18b"
      },
      "market": {
        "question": "Bitcoin Up or Down - May 1, 2:20AM-2:25AM ET"
      },
      "outcomeIndex": 1,
      "outcome": "Down",
      "amountUSD": "500.00",
      "size": 800.932966,
      "price": 0.6242719668502196,
      "type": "BUY",
      "slug": "btc-updown-5m-1777616400",
      "eventSlug": "btc-updown-5m-1777616400",
      "transactionHash": "0x736c5a32a23685251ce99fb9746a2ba32f2943a05b62bc6895312e54b21134a0"
    },
    {
      "id": "0xca541c71c426cbc05812d61c32cd152bc50eb6a9b3334999a24acf8d4efb4b9f:78713417768092818576621496059969186304884164186325905917751206627126126378968:1777616480:BUY",
      "timestamp": 1777616480,
      "user": {
        "id": "0x67737a87dc0248b5a55fd4011421a590941bec82"
      },
      "market": {
        "question": "Will Amazon.com, Inc. (AMZN) hit (LOW) $240 Week of April 27 2026?"
      },
      "outcomeIndex": 1,
      "outcome": "No",
      "amountUSD": "118.70",
      "size": 119.05717,
      "price": 0.9969999958843302,
      "type": "BUY",
      "slug": "will-amzn-dip-to-240-by-april-27-2026",
      "eventSlug": "will-amzn-hit-week-of-april-27-2026",
      "transactionHash": "0xca541c71c426cbc05812d61c32cd152bc50eb6a9b3334999a24acf8d4efb4b9f"
    },
    {
      "id": "0x5ca4e8bacd434f490a599b7c9c490d92bef41ac119745a1aa1c7dfca134b3585:114507466536734360808195115190160357255467689128176113085692265197019898971527:1777616480:BUY",
      "timestamp": 1777616480,
      "user": {
        "id": "0x2e4a1d92a6156cec285a1db6c0aa57ad6d6d6440"
      },
      "market": {
        "question": "Will Phil Murphy win the 2028 Democratic presidential nomination?"
      },
      "outcomeIndex": 1,
      "outcome": "No",
      "amountUSD": "153.00",
      "size": 153.9235,
      "price": 0.994,
      "type": "BUY",
      "slug": "will-phil-murphy-win-the-2028-democratic-presidential-nomination-611",
      "eventSlug": "democratic-presidential-nominee-2028",
      "transactionHash": "0x5ca4e8bacd434f490a599b7c9c490d92bef41ac119745a1aa1c7dfca134b3585"
    },
    {
      "id": "0xe219bf711eee44e282c03d959c1f05d17b5f32f66999f0337ddc8c8a30884a15:58451805222967000500347402883594390746225292637162246081782165844737451490078:1777616480:BUY",
      "timestamp": 1777616480,
      "user": {
        "id": "0x82882d761b0d7f18b2cc286117d10cd8a15a5519"
      },
      "market": {
        "question": "Will Elon Musk post 180-199 tweets from April 24 to May 1, 2026?"
      },
      "outcomeIndex": 0,
      "outcome": "Yes",
      "amountUSD": "424.18",
      "size": 503.9,
      "price": 0.8417957332804128,
      "type": "BUY",
      "slug": "elon-musk-of-tweets-april-24-may-1-180-199",
      "eventSlug": "elon-musk-of-tweets-april-24-may-1",
      "transactionHash": "0xe219bf711eee44e282c03d959c1f05d17b5f32f66999f0337ddc8c8a30884a15"
    },
    {
      "id": "0xdb698490c6ef826a13bbf189a4197d360cdaff14b21b2f49b23fbfb20435db51:68380670752256137221626353618201023777023337012959438518902720974831544588092:1777616478:BUY",
      "timestamp": 1777616478,
      "user": {
        "id": "0x3811e425b08c1bd5df2c348b19ac1eebd8cf8791"
      },
      "market": {
        "question": "Will the price of Bitcoin be above $82,000 on May 1?"
      },
      "outcomeIndex": 1,
      "outcome": "No",
      "amountUSD": "122.00",
      "size": 122.122121,
      "price": 0.9989999928022868,
      "type": "BUY",
      "slug": "bitcoin-above-82k-on-may-1",
      "eventSlug": "bitcoin-above-on-may-1",
      "transactionHash": "0xdb698490c6ef826a13bbf189a4197d360cdaff14b21b2f49b23fbfb20435db51"
    },
    {
      "id": "0x2ad6bb543e40ec7690cf3de832328de2d558687b51bf080aa7c392dcce1e08d8:26409253591433416583041788003017405760432218859327697666630871689207574536370:1777616478:BUY",
      "timestamp": 1777616478,
      "user": {
        "id": "0xaa754102ee5fe52b29cf1c4728c7e780ccfb030b"
      },
      "market": {
        "question": "Will Olivier Faure win the 2027 French presidential election?"
      },
      "outcomeIndex": 1,
      "outcome": "No",
      "amountUSD": "168.18",
      "size": 169.025,
      "price": 0.995,
      "type": "BUY",
      "slug": "will-olivier-faure-win-the-2027-french-presidential-election",
      "eventSlug": "next-french-presidential-election",
      "transactionHash": "0x2ad6bb543e40ec7690cf3de832328de2d558687b51bf080aa7c392dcce1e08d8"
    },
    {
      "id": "0x9b75c16b93ea309498975742918783ad93550d3e5d915995a4747b57f2bf98ca:53168951939499964962088230493517202335238921849361343910197196938564811685001:1777616478:BUY",
      "timestamp": 1777616478,
      "user": {
        "id": "0x2fa3716b5c8f3c8008e9fe20b3d6e42417b0723d"
      },
      "market": {
        "question": "76ers vs. Celtics"
      },
      "outcomeIndex": 1,
      "outcome": "Celtics",
      "amountUSD": "133.27",
      "size": 185.1,
      "price": 0.72,
      "type": "BUY",
      "slug": "nba-phi-bos-2026-05-02",
      "eventSlug": "nba-phi-bos-2026-05-02",
      "transactionHash": "0x9b75c16b93ea309498975742918783ad93550d3e5d915995a4747b57f2bf98ca"
    },
    {
      "id": "0x44d49ac8daadd734187a5096d04bef3cfe16a3f1e2232a7b8621d08df494a9f9:74201542293075536162258436779948914914665324387949186755842303569200449516790:1777616476:SELL",
      "timestamp": 1777616476,
      "user": {
        "id": "0x978ab79ef261f93c4ddd809acbe29defceebb426"
      },
      "market": {
        "question": "Will Eduardo Bolsonaro win the 2026 Brazilian presidential election?"
      },
      "outcomeIndex": 1,
      "outcome": "No",
      "amountUSD": "172.82",
      "size": 173.34,
      "price": 0.997,
      "type": "SELL",
      "slug": "will-eduardo-bolsonaro-win-the-2026-brazilian-presidential-election",
      "eventSlug": "brazil-presidential-election",
      "transactionHash": "0x44d49ac8daadd734187a5096d04bef3cfe16a3f1e2232a7b8621d08df494a9f9"
    },
    {
      "id": "0x2ec94caebe5bdf98225feaa151e91cf1559efa6dd3bfcc0def85407e362c2ca0:62641172897980775224187905970428260069051980029874599224793706877593785945524:1777616476:SELL",
      "timestamp": 1777616476,
      "user": {
        "id": "0xa61b2981fe679b2a34608db90bc4057569219d74"
      },
      "market": {
        "question": "S&P 500 (SPX) Opens Up or Down on May 1?"
      },
      "outcomeIndex": 0,
      "outcome": "Up",
      "amountUSD": "793.11",
      "size": 1166.34,
      "price": 0.68,
      "type": "SELL",
      "slug": "spx-opens-up-or-down-on-may-1-2026",
      "eventSlug": "spx-opens-up-or-down-on-may-1-2026",
      "transactionHash": "0x2ec94caebe5bdf98225feaa151e91cf1559efa6dd3bfcc0def85407e362c2ca0"
    },
    {
      "id": "0x86dd0f2967eef4a05ec7466e9b8280da25c36e746568ea29bb85e4d4f38d4ad2:78713417768092818576621496059969186304884164186325905917751206627126126378968:1777616476:BUY",
      "timestamp": 1777616476,
      "user": {
        "id": "0x3b633bd49cab84e3ebc622c5e316350d6671c6e4"
      },
      "market": {
        "question": "Will Amazon.com, Inc. (AMZN) hit (LOW) $240 Week of April 27 2026?"
      },
      "outcomeIndex": 1,
      "outcome": "No",
      "amountUSD": "117.38",
      "size": 117.833499,
      "price": 0.9961513406302227,
      "type": "BUY",
      "slug": "will-amzn-dip-to-240-by-april-27-2026",
      "eventSlug": "will-amzn-hit-week-of-april-27-2026",
      "transactionHash": "0x86dd0f2967eef4a05ec7466e9b8280da25c36e746568ea29bb85e4d4f38d4ad2"
    },
    {
      "id": "0xf4f5a166d293beabefbbce3f0528407ed24a08ccb162d5c3440bb8d207c25fdf:24350357603628349465852572876799545136827266667577454543028565961207260259532:1777616476:BUY",
      "timestamp": 1777616476,
      "user": {
        "id": "0xf0f7f99300c5fa7ebedd7b7d806b97528c580c5a"
      },
      "market": {
        "question": "Spezia Calcio vs. Venezia FC: O/U 2.5"
      },
      "outcomeIndex": 1,
      "outcome": "Under",
      "amountUSD": "388.12",
      "size": 902.6,
      "price": 0.43,
      "type": "BUY",
      "slug": "itsb-spe-ven-2026-05-01-total-2pt5",
      "eventSlug": "itsb-spe-ven-2026-05-01-more-markets",
      "transactionHash": "0xf4f5a166d293beabefbbce3f0528407ed24a08ccb162d5c3440bb8d207c25fdf"
    },
    {
      "id": "0xfa851d142f656aea6c2f06cfbf8ba18fbfac851312a425c9af9def89a8eba460:60573194570924524247685239045574325895068653692993458932409067233336946442531:1777616474:BUY",
      "timestamp": 1777616474,
      "user": {
        "id": "0x5a9c1aa7aa93e4c5dfe5c6dc0c6d1c6c3f7cc336"
      },
      "market": {
        "question": "Will the highest temperature in Shanghai be 28\u00b0C on May 1?"
      },
      "outcomeIndex": 1,
      "outcome": "No",
      "amountUSD": "182.75",
      "size": 183.48,
      "price": 0.996,
      "type": "BUY",
      "slug": "highest-temperature-in-shanghai-on-may-1-2026-28c",
      "eventSlug": "highest-temperature-in-shanghai-on-may-1-2026",
      "transactionHash": "0xfa851d142f656aea6c2f06cfbf8ba18fbfac851312a425c9af9def89a8eba460"
    },
    {
      "id": "0xbde6a4df860c452ea137c204c765f72fa639dbdb1454e06d4d3e3e7bd4d1a33e:43528414195007977002195624860045129351164807876978747566236159804271175691009:1777616472:SELL",
      "timestamp": 1777616472,
      "user": {
        "id": "0x33e09bccb7fec39368cfa9b7d2c7c593240c5e86"
      },
      "market": {
        "question": "Will Congo DR win the 2026 FIFA World Cup?"
      },
      "outcomeIndex": 1,
      "outcome": "No",
      "amountUSD": "158.83",
      "size": 159.31,
      "price": 0.997,
      "type": "SELL",
      "slug": "will-congo-dr-win-the-2026-fifa-world-cup",
      "eventSlug": "2026-fifa-world-cup-winner-595",
      "transactionHash": "0xbde6a4df860c452ea137c204c765f72fa639dbdb1454e06d4d3e3e7bd4d1a33e"
    },
    {
      "id": "0x8ee133a50706f3cac5827bc576e330ddbe30a78cff762cbff40001d13b4756d9:40417557107958279294974697137922580264432644322364844617646687048646025089093:1777616472:BUY",
      "timestamp": 1777616472,
      "user": {
        "id": "0x9e649a63e3b07e9520a54c6c2b573569048289c3"
      },
      "market": {
        "question": "LoL: T1 Academy vs Kiwoom DRX Challengers (BO3) - LCK Challengers League Rounds 1-2"
      },
      "outcomeIndex": 0,
      "outcome": "T1 Academy",
      "amountUSD": "240.39",
      "size": 458.27,
      "price": 0.5245529927771837,
      "type": "BUY",
      "slug": "lol-t1a-drxc-2026-05-01",
      "eventSlug": "lol-t1a-drxc-2026-05-01",
      "transactionHash": "0x8ee133a50706f3cac5827bc576e330ddbe30a78cff762cbff40001d13b4756d9"
    },
    {
      "id": "0x5d97de10385503dfaf618eb833cc939c7bcea9ed94a79206352cd55a4475db23:85502260933292517097736783655987521126646831771359060514139596448232720929990:1777616470:BUY",
      "timestamp": 1777616470,
      "user": {
        "id": "0xe3d6db35ccb99b5316e24c9985938a941b32ed78"
      },
      "market": {
        "question": "Will Latvia win Eurovision 2026?"
      },
      "outcomeIndex": 1,
      "outcome": "No",
      "amountUSD": "314.72",
      "size": 315.3505,
      "price": 0.998,
      "type": "BUY",
      "slug": "will-latvia-win-eurovision-2026",
      "eventSlug": "eurovision-winner-2026",
      "transactionHash": "0x5d97de10385503dfaf618eb833cc939c7bcea9ed94a79206352cd55a4475db23"
    },
    {
      "id": "0x1ecdf0746338af081087cd35ab939eaf3acd201251c87290bc43c7c9348c1318:59982071775824703223930674071983975304493322872724543232769282737766647450509:1777616466:BUY",
      "timestamp": 1777616466,
      "user": {
        "id": "0x1f6d6622c9e335cffb8d7232d04f51da0bd53070"
      },
      "market": {
        "question": "LoL: T1 Academy vs Kiwoom DRX Challengers (BO3) - LCK Challengers League Rounds 1-2"
      },
      "outcomeIndex": 1,
      "outcome": "Kiwoom DRX Challengers",
      "amountUSD": "110.00",
      "size": 200,
      "price": 0.55,
      "type": "BUY",
      "slug": "lol-t1a-drxc-2026-05-01",
      "eventSlug": "lol-t1a-drxc-2026-05-01",
      "transactionHash": "0x1ecdf0746338af081087cd35ab939eaf3acd201251c87290bc43c7c9348c1318"
    },
    {
      "id": "0xe1acf3bd19749977d776b823771a3350f1a9a2436a93fdf47fbbb744b4b9c7d2:43306201559293677467902878784200227711843675662189772539825649733291552996303:1777616466:SELL",
      "timestamp": 1777616466,
      "user": {
        "id": "0xecaa8806a9a05049d7d5260a33dc924220e377a9"
      },
      "market": {
        "question": "Trump announces end of military operations against Iran by April 30th?"
      },
      "outcomeIndex": 1,
      "outcome": "No",
      "amountUSD": "50413.43",
      "size": 50463.89,
      "price": 0.999,
      "type": "SELL",
      "slug": "trump-announces-end-of-military-operations-against-iran-by-april-30th-753-882-164-769-641-926-643",
      "eventSlug": "trump-announces-end-of-military-operations-against-iran-by",
      "transactionHash": "0xe1acf3bd19749977d776b823771a3350f1a9a2436a93fdf47fbbb744b4b9c7d2"
    },
    {
      "id": "0x86505b41623cdefd6869b51131e639ee31c0c4881debc2fec2a39b1dcf38a39f:80278496757135100362176134513619100113566384177540666184155692142083646836295:1777616466:BUY",
      "timestamp": 1777616466,
      "user": {
        "id": "0x5a9c1aa7aa93e4c5dfe5c6dc0c6d1c6c3f7cc336"
      },
      "market": {
        "question": "Will the highest temperature in Shanghai be 27\u00b0C on May 1?"
      },
      "outcomeIndex": 1,
      "outcome": "No",
      "amountUSD": "238.18",
      "size": 239.39,
      "price": 0.9949440661681774,
      "type": "BUY",
      "slug": "highest-temperature-in-shanghai-on-may-1-2026-27c",
      "eventSlug": "highest-temperature-in-shanghai-on-may-1-2026",
      "transactionHash": "0x86505b41623cdefd6869b51131e639ee31c0c4881debc2fec2a39b1dcf38a39f"
    },
    {
      "id": "0x82f0d934403ac0eaa54207471213bb82fc5173a931266b96e5609568e069e0ef:54819903648523033773427879935996909150765971447117202762780995176525969003013:1777616466:SELL",
      "timestamp": 1777616466,
      "user": {
        "id": "0x5cc050ead4c648aaa2600c005485b892131669ff"
      },
      "market": {
        "question": "Will Valtteri Bottas be the 2026 F1 Drivers' Champion?"
      },
      "outcomeIndex": 1,
      "outcome": "No",
      "amountUSD": "194.13",
      "size": 194.91,
      "price": 0.996,
      "type": "SELL",
      "slug": "will-valtteri-bottas-be-the-2026-f1-drivers-champion",
      "eventSlug": "2026-f1-drivers-champion",
      "transactionHash": "0x82f0d934403ac0eaa54207471213bb82fc5173a931266b96e5609568e069e0ef"
    },
    {
      "id": "0x5a1e32c21093362341a789c5d6c23960b0b789a987a479b943398ddd0ccb8d85:23867372970420400587387999037898773962597107227605219679094504041211930849697:1777616464:BUY",
      "timestamp": 1777616464,
      "user": {
        "id": "0x62c68066fe7466ad3048a4adff9ad18cfecdab7b"
      },
      "market": {
        "question": "LoL: T1 Academy vs Kiwoom DRX Challengers - Game 2 Winner"
      },
      "outcomeIndex": 0,
      "outcome": "T1 Academy",
      "amountUSD": "183.28",
      "size": 300,
      "price": 0.6109333333333333,
      "type": "BUY",
      "slug": "lol-t1a-drxc-2026-05-01-game2",
      "eventSlug": "lol-t1a-drxc-2026-05-01",
      "transactionHash": "0x5a1e32c21093362341a789c5d6c23960b0b789a987a479b943398ddd0ccb8d85"
    },
    {
      "id": "0x344108b59720a99166520fa014cae914d48a343be97865ab181ef5005b96725a:59982071775824703223930674071983975304493322872724543232769282737766647450509:1777616464:BUY",
      "timestamp": 1777616464,
      "user": {
        "id": "0x62028ee8f89e245231796a028115358662928872"
      },
      "market": {
        "question": "LoL: T1 Academy vs Kiwoom DRX Challengers (BO3) - LCK Challengers League Rounds 1-2"
      },
      "outcomeIndex": 1,
      "outcome": "Kiwoom DRX Challengers",
      "amountUSD": "199.10",
      "size": 362,
      "price": 0.55,
