{
  "meta": {
    "status": "ok",
    "last_checked_at": "2026-05-01T03:48:52.282265Z",
    "lookback_hours": 24,
    "archive_days": 365,
    "min_trade_usd": 100,
    "fetched_count": 1000,
    "stored_count": 1000,
    "source": "Polymarket Data API /trades"
  },
  "trades": [
    {
      "id": "0xb0af3915f07859b34e7f68f5fe23f1f8726acd7f53b7d9c31e6b541003a20826:9858445493903501648722765041195521587435370553699986326259923783724888628821:1777607062:BUY",
      "timestamp": 1777607062,
      "user": {
        "id": "0xc9bf30faf110a859e30520e60512bb1a0a771e7e"
      },
      "market": {
        "question": "Will Pete Hegseth win the 2028 Republican presidential nomination?"
      },
      "outcomeIndex": 1,
      "outcome": "No",
      "amountUSD": "786.13",
      "size": 790.88,
      "price": 0.994,
      "type": "BUY",
      "slug": "will-pete-hegseth-win-the-2028-republican-presidential-nomination",
      "eventSlug": "republican-presidential-nominee-2028",
      "transactionHash": "0xb0af3915f07859b34e7f68f5fe23f1f8726acd7f53b7d9c31e6b541003a20826"
    },
    {
      "id": "0xc828dc62fe2557e71c07b2beae76477cfb53e80dd35f8d7ebd7b006d7b39a56b:37072820737673550545982947499525351299052704677011952299848670736862285050132:1777607062:SELL",
      "timestamp": 1777607062,
      "user": {
        "id": "0xf504444d2d2c5213ea200835401888985435132e"
      },
      "market": {
        "question": "Nuggets vs. Timberwolves"
      },
      "outcomeIndex": 1,
      "outcome": "Timberwolves",
      "amountUSD": "135.00",
      "size": 250,
      "price": 0.54,
      "type": "SELL",
      "slug": "nba-den-min-2026-04-30",
      "eventSlug": "nba-den-min-2026-04-30",
      "transactionHash": "0xc828dc62fe2557e71c07b2beae76477cfb53e80dd35f8d7ebd7b006d7b39a56b"
    },
    {
      "id": "0x77b1342dce6e10b0fbd1cd5d92d12207bfe3292c308f8ec4334cbf503235b778:95014218003196874574301509918087634710765666426292560013762708360605112063777:1777607062:SELL",
      "timestamp": 1777607062,
      "user": {
        "id": "0xbdcc8a91b5cdd4a3c5d953d9b865100d1ae5a72c"
      },
      "market": {
        "question": "Bitcoin Up or Down - April 30, 11:40PM-11:45PM ET"
      },
      "outcomeIndex": 0,
      "outcome": "Up",
      "amountUSD": "193.85",
      "size": 248.58,
      "price": 0.7798105237750422,
      "type": "SELL",
      "slug": "btc-updown-5m-1777606800",
      "eventSlug": "btc-updown-5m-1777606800",
      "transactionHash": "0x77b1342dce6e10b0fbd1cd5d92d12207bfe3292c308f8ec4334cbf503235b778"
    },
    {
      "id": "0xc5044d57c1c836743b83979289cec479cf42b16d96b95e5150d1ca4199a2de80:5645396948464928632054207670692862818297222862819597089648758232622731040046:1777607062:SELL",
      "timestamp": 1777607062,
      "user": {
        "id": "0x36dbd5a33bd2d177b0ee81b60336299a692ed01d"
      },
      "market": {
        "question": "Will George Clooney win the 2028 Democratic presidential nomination?"
      },
      "outcomeIndex": 1,
      "outcome": "No",
      "amountUSD": "106.89",
      "size": 107.64,
      "price": 0.993,
      "type": "SELL",
      "slug": "will-george-clooney-win-the-2028-democratic-presidential-nomination",
      "eventSlug": "democratic-presidential-nominee-2028",
      "transactionHash": "0xc5044d57c1c836743b83979289cec479cf42b16d96b95e5150d1ca4199a2de80"
    },
    {
      "id": "0xf765236094aa07798c6b7aaa0fa8263292d7441e27f5e775949c84540d29a386:103276346517706583724291562088856295045370865542838991157026154495929964898102:1777607060:BUY",
      "timestamp": 1777607060,
      "user": {
        "id": "0x608ec9022e8a26a4843d28abdafc4a63c8eb450d"
      },
      "market": {
        "question": "US x Iran diplomatic meeting by May 5, 2026?"
      },
      "outcomeIndex": 1,
      "outcome": "No",
      "amountUSD": "650.00",
      "size": 690.964387,
      "price": 0.9407141818439334,
      "type": "BUY",
      "slug": "us-x-iran-diplomatic-meeting-by-may-5-2026",
      "eventSlug": "us-x-iran-diplomatic-meeting-by-329",
      "transactionHash": "0xf765236094aa07798c6b7aaa0fa8263292d7441e27f5e775949c84540d29a386"
    },
    {
      "id": "0x475a4a21ab4b7b70422b2e686b898f0f86a6a28f36a3a9ff576d46e4275a2906:31754684876087449403610728719923777891158092104779714978258433169323960615049:1777607058:BUY",
      "timestamp": 1777607058,
      "user": {
        "id": "0x4de9a35bbdd5af30c89eb6469af98db0fb0f11a3"
      },
      "market": {
        "question": "Will Independiente Medell\u00edn vs. Cusco FC end in a draw?"
      },
      "outcomeIndex": 0,
      "outcome": "Yes",
      "amountUSD": "400.00",
      "size": 559.027775,
      "price": 0.7155279502883376,
      "type": "BUY",
      "slug": "lib-dim-gar-2026-04-30-draw",
      "eventSlug": "lib-dim-gar-2026-04-30",
      "transactionHash": "0x475a4a21ab4b7b70422b2e686b898f0f86a6a28f36a3a9ff576d46e4275a2906"
    },
    {
      "id": "0xf8a3599495382537093e1606843fcd9bb98c7255fb2004367b1d31a41dc4b16d:66117887967507766346805282187200054436784809100133207745744497041712315742442:1777607056:BUY",
      "timestamp": 1777607056,
      "user": {
        "id": "0x71ea294c2c1770e37344e1f755dfb766662e1ff9"
      },
      "market": {
        "question": "Bitcoin Up or Down - April 30, 11:30PM-11:45PM ET"
      },
      "outcomeIndex": 1,
      "outcome": "Down",
      "amountUSD": "164.03",
      "size": 174.5,
      "price": 0.94,
      "type": "BUY",
      "slug": "btc-updown-15m-1777606200",
      "eventSlug": "btc-updown-15m-1777606200",
      "transactionHash": "0xf8a3599495382537093e1606843fcd9bb98c7255fb2004367b1d31a41dc4b16d"
    },
    {
      "id": "0x2905cd9d1b2d8674e9ad101c2ac24af3bcc6be4056b0785c6415c802d7dc1924:37072820737673550545982947499525351299052704677011952299848670736862285050132:1777607056:BUY",
      "timestamp": 1777607056,
      "user": {
        "id": "0x3354c1ef2d89dd8ae5e5c61b829411e356ed5042"
      },
      "market": {
        "question": "Nuggets vs. Timberwolves"
      },
      "outcomeIndex": 1,
      "outcome": "Timberwolves",
      "amountUSD": "1111.00",
      "size": 2020,
      "price": 0.55,
      "type": "BUY",
      "slug": "nba-den-min-2026-04-30",
      "eventSlug": "nba-den-min-2026-04-30",
      "transactionHash": "0x2905cd9d1b2d8674e9ad101c2ac24af3bcc6be4056b0785c6415c802d7dc1924"
    },
    {
      "id": "0x90dc8aa043653ff548a69639dae279a8ad181966c7077ce48ab07b768f8bb1f3:9858445493903501648722765041195521587435370553699986326259923783724888628821:1777607056:BUY",
      "timestamp": 1777607056,
      "user": {
        "id": "0x988ff0cae36a036c7ae0bcdf0acc5381e226d65b"
      },
      "market": {
        "question": "Will Pete Hegseth win the 2028 Republican presidential nomination?"
      },
      "outcomeIndex": 1,
      "outcome": "No",
      "amountUSD": "786.10",
      "size": 790.85,
      "price": 0.994,
      "type": "BUY",
      "slug": "will-pete-hegseth-win-the-2028-republican-presidential-nomination",
      "eventSlug": "republican-presidential-nominee-2028",
      "transactionHash": "0x90dc8aa043653ff548a69639dae279a8ad181966c7077ce48ab07b768f8bb1f3"
    },
    {
      "id": "0x5f7a8bee568f242ab340b3135bce563dfb98b65e6ce2e1ba7ddb3e9e923dddb9:41054916495347957510087691174345858426588337259427885853416998968409113903196:1777607056:BUY",
      "timestamp": 1777607056,
      "user": {
        "id": "0xfa9a89fa631ca5f515c777862045a747fb58099f"
      },
      "market": {
        "question": "Nuggets vs. Timberwolves"
      },
      "outcomeIndex": 0,
      "outcome": "Nuggets",
      "amountUSD": "108.00",
      "size": 234.782607,
      "price": 0.45999999906296296,
      "type": "BUY",
      "slug": "nba-den-min-2026-04-30",
      "eventSlug": "nba-den-min-2026-04-30",
      "transactionHash": "0x5f7a8bee568f242ab340b3135bce563dfb98b65e6ce2e1ba7ddb3e9e923dddb9"
    },
    {
      "id": "0x186648e6387631637938f2810dfeb2780c6581a35abc5efc881649801f6484db:21782779297071967898293391909576695879531880903563677648493429663240163470317:1777607054:SELL",
      "timestamp": 1777607054,
      "user": {
        "id": "0x4524706e1555e76cc5dae9eddb645c676aa70f89"
      },
      "market": {
        "question": "Bitcoin Up or Down - April 30, 11:40PM-11:45PM ET"
      },
      "outcomeIndex": 1,
      "outcome": "Down",
      "amountUSD": "125.59",
      "size": 1243.85,
      "price": 0.10097222333882704,
      "type": "SELL",
      "slug": "btc-updown-5m-1777606800",
      "eventSlug": "btc-updown-5m-1777606800",
      "transactionHash": "0x186648e6387631637938f2810dfeb2780c6581a35abc5efc881649801f6484db"
    },
    {
      "id": "0x63cc00d838c1109c965a36d0a6a325eebe7f071e9999647f5719b4c7e824bd66:5505010946036330007136366602843685650332532780067992773464881166501235782352:1777607054:SELL",
      "timestamp": 1777607054,
      "user": {
        "id": "0xef7d67794329e30cf45acd66248188ba3da0907d"
      },
      "market": {
        "question": "Will Sweden win the 2026 FIFA World Cup?"
      },
      "outcomeIndex": 1,
      "outcome": "No",
      "amountUSD": "174.82",
      "size": 176.05,
      "price": 0.993,
      "type": "SELL",
      "slug": "will-sweden-win-the-2026-fifa-world-cup",
      "eventSlug": "2026-fifa-world-cup-winner-595",
      "transactionHash": "0x63cc00d838c1109c965a36d0a6a325eebe7f071e9999647f5719b4c7e824bd66"
    },
    {
      "id": "0xaf40b23e5c345659e788a02a8738a7650af811969b29e2ae21745dab9a4d965a:37072820737673550545982947499525351299052704677011952299848670736862285050132:1777607052:BUY",
      "timestamp": 1777607052,
      "user": {
        "id": "0xdaef2be2a19ad331737d06545f85615b094554e9"
      },
      "market": {
        "question": "Nuggets vs. Timberwolves"
      },
      "outcomeIndex": 1,
      "outcome": "Timberwolves",
      "amountUSD": "107.04",
      "size": 198.22,
      "price": 0.54,
      "type": "BUY",
      "slug": "nba-den-min-2026-04-30",
      "eventSlug": "nba-den-min-2026-04-30",
      "transactionHash": "0xaf40b23e5c345659e788a02a8738a7650af811969b29e2ae21745dab9a4d965a"
    },
    {
      "id": "0xfce466d3e84465c7e515ea04f6f4d76ebd6f23d722fc35949b0f89a86f9105c1:102458875832755775221323303474434091694976786200665082400236699233250808321018:1777607052:BUY",
      "timestamp": 1777607052,
      "user": {
        "id": "0x3c760e45728e0cb4b68c52980a070314b95fd4ee"
      },
      "market": {
        "question": "Naim Qassem out as Hezbollah\u2019s secretary-general by April 30, 2026?"
      },
      "outcomeIndex": 1,
      "outcome": "No",
      "amountUSD": "1088.71",
      "size": 1089.8,
      "price": 0.999,
      "type": "BUY",
      "slug": "naim-qassem-out-as-hezbollahs-secretary-general-by-april-30-2026",
      "eventSlug": "naim-qassem-out-as-hezbollahs-secretary-general-by-december-31",
      "transactionHash": "0xfce466d3e84465c7e515ea04f6f4d76ebd6f23d722fc35949b0f89a86f9105c1"
    },
    {
      "id": "0xf1fa1c23428e61d680b56ba65f3e246483e0d1780b5eb48b8f640b35e15cb258:79903375968759183705713252823977157971970949200427111658524625623146332835513:1777607052:SELL",
      "timestamp": 1777607052,
      "user": {
        "id": "0x336ecb0e15b7d3ad5b79ed9e1fa1e8c4dedfed1d"
      },
      "market": {
        "question": "Will Turkiye win the 2026 FIFA World Cup?"
      },
      "outcomeIndex": 1,
      "outcome": "No",
      "amountUSD": "197.80",
      "size": 199.19,
      "price": 0.993,
      "type": "SELL",
      "slug": "will-turkiye-win-the-2026-fifa-world-cup",
      "eventSlug": "2026-fifa-world-cup-winner-595",
      "transactionHash": "0xf1fa1c23428e61d680b56ba65f3e246483e0d1780b5eb48b8f640b35e15cb258"
    },
    {
      "id": "0x9d4d643af7383186ac6f1f17465f15f7321915011c15c3c51aa67d4f51683b92:92129370803955407649321823508280327593897165186419116452272260678144108357153:1777607050:BUY",
      "timestamp": 1777607050,
      "user": {
        "id": "0x0e0cc261b9315683bbac3ebdd0a5be75fc29dde1"
      },
      "market": {
        "question": "Will the highest temperature in Hong Kong be 23\u00b0C on May 1?"
      },
      "outcomeIndex": 1,
      "outcome": "No",
      "amountUSD": "757.82",
      "size": 758.58,
      "price": 0.999,
      "type": "BUY",
      "slug": "highest-temperature-in-hong-kong-on-may-1-2026-23c",
      "eventSlug": "highest-temperature-in-hong-kong-on-may-1-2026",
      "transactionHash": "0x9d4d643af7383186ac6f1f17465f15f7321915011c15c3c51aa67d4f51683b92"
    },
    {
      "id": "0xe5295b2d4493b687faeb067bb559fa86cfbe8f958fbc287bdd6bc2480c8b12cb:41054916495347957510087691174345858426588337259427885853416998968409113903196:1777607050:BUY",
      "timestamp": 1777607050,
      "user": {
        "id": "0x36502af57aeaaa3c701380e20b2a992c4b93f3cf"
      },
      "market": {
        "question": "Nuggets vs. Timberwolves"
      },
      "outcomeIndex": 0,
      "outcome": "Nuggets",
      "amountUSD": "121.00",
      "size": 257.446807,
      "price": 0.4699999988735537,
      "type": "BUY",
      "slug": "nba-den-min-2026-04-30",
      "eventSlug": "nba-den-min-2026-04-30",
      "transactionHash": "0xe5295b2d4493b687faeb067bb559fa86cfbe8f958fbc287bdd6bc2480c8b12cb"
    },
    {
      "id": "0xa34c294b67c70be12a988196dd35ab24a0ca2dafbac645b492ffa14115ce784f:101648473638744190831155098937185456781169362012020488678589196861215102307763:1777607050:BUY",
      "timestamp": 1777607050,
      "user": {
        "id": "0x5b69fe7048a533847b4e3abe1b9eea261a91a6af"
      },
      "market": {
        "question": "Ethereum Up or Down - April 30, 8:00PM-12:00AM ET"
      },
      "outcomeIndex": 0,
      "outcome": "Up",
      "amountUSD": "149.70",
      "size": 150,
      "price": 0.998,
      "type": "BUY",
      "slug": "eth-updown-4h-1777593600",
      "eventSlug": "eth-updown-4h-1777593600",
      "transactionHash": "0xa34c294b67c70be12a988196dd35ab24a0ca2dafbac645b492ffa14115ce784f"
    },
    {
      "id": "0xc17dc90af5184bc7da3401685131396cbe03dba3dd8c8d5673951092a427a095:31171683626390528864786329415741967294710563218806357068993044338413953601695:1777607048:BUY",
      "timestamp": 1777607048,
      "user": {
        "id": "0x375c62b71a417a04f9a0fe844af5158b67581e14"
      },
      "market": {
        "question": "Will Serbia win Eurovision 2026?"
      },
      "outcomeIndex": 1,
      "outcome": "No",
      "amountUSD": "279.41",
      "size": 280.250666,
      "price": 0.9969999999928635,
      "type": "BUY",
      "slug": "will-serbia-win-eurovision-2026",
      "eventSlug": "eurovision-winner-2026",
      "transactionHash": "0xc17dc90af5184bc7da3401685131396cbe03dba3dd8c8d5673951092a427a095"
    },
    {
      "id": "0x7c34473b8890d5b2a6b5642dca898644e56389fc53286de1b1f7e5d88c2a9497:104942649192609913825700442400757579142602100704286281267464239496183536823685:1777607048:BUY",
      "timestamp": 1777607048,
      "user": {
        "id": "0x944d8e37fd835b292273442de2b5cc52f2a72c00"
      },
      "market": {
        "question": "Will 9 Fed rate cuts happen in 2026?"
      },
      "outcomeIndex": 1,
      "outcome": "No",
      "amountUSD": "288.00",
      "size": 288.577,
      "price": 0.998,
      "type": "BUY",
      "slug": "will-9-fed-rate-cuts-happen-in-2026",
      "eventSlug": "how-many-fed-rate-cuts-in-2026",
      "transactionHash": "0x7c34473b8890d5b2a6b5642dca898644e56389fc53286de1b1f7e5d88c2a9497"
    },
    {
      "id": "0x672fe9e26347cb997d50033243d56c7f255ba47fa60f5d269c2cddc37f504667:96641039706447830710669393792634262867269870568346516418337469133566417703053:1777607048:BUY",
      "timestamp": 1777607048,
      "user": {
        "id": "0x5b69fe7048a533847b4e3abe1b9eea261a91a6af"
      },
      "market": {
        "question": "Bitcoin Up or Down - April 30, 8:00PM-12:00AM ET"
      },
      "outcomeIndex": 0,
      "outcome": "Up",
      "amountUSD": "159.68",
      "size": 160,
      "price": 0.998,
      "type": "BUY",
      "slug": "btc-updown-4h-1777593600",
      "eventSlug": "btc-updown-4h-1777593600",
      "transactionHash": "0x672fe9e26347cb997d50033243d56c7f255ba47fa60f5d269c2cddc37f504667"
    },
    {
      "id": "0x8ffb724103fc8c8991eeb5356f4fc9fa7c71476cd11aae2b3dcb1c61cff89787:66117887967507766346805282187200054436784809100133207745744497041712315742442:1777607048:BUY",
      "timestamp": 1777607048,
      "user": {
        "id": "0xce25e214d5cfe4f459cf67f08df581885aae7fdc"
      },
      "market": {
        "question": "Bitcoin Up or Down - April 30, 11:30PM-11:45PM ET"
      },
      "outcomeIndex": 1,
      "outcome": "Down",
      "amountUSD": "147.05",
      "size": 173,
      "price": 0.85,
      "type": "BUY",
      "slug": "btc-updown-15m-1777606200",
      "eventSlug": "btc-updown-15m-1777606200",
      "transactionHash": "0x8ffb724103fc8c8991eeb5356f4fc9fa7c71476cd11aae2b3dcb1c61cff89787"
    },
    {
      "id": "0xa29ca434185cc9562521a488bb1243ac9cf548c9801d65e6e4ff6b03ae1ca879:37072820737673550545982947499525351299052704677011952299848670736862285050132:1777607046:BUY",
      "timestamp": 1777607046,
      "user": {
        "id": "0xd9e0aaca471f489be338fd0f91a26e8669a805f2"
      },
      "market": {
        "question": "Nuggets vs. Timberwolves"
      },
      "outcomeIndex": 1,
      "outcome": "Timberwolves",
      "amountUSD": "127.19",
      "size": 239.99,
      "price": 0.53,
      "type": "BUY",
      "slug": "nba-den-min-2026-04-30",
      "eventSlug": "nba-den-min-2026-04-30",
      "transactionHash": "0xa29ca434185cc9562521a488bb1243ac9cf548c9801d65e6e4ff6b03ae1ca879"
    },
    {
      "id": "0x1d319589f7dd9e5133a0986669c1dbdaf71c4e38b293dcc466f471f3510e49c3:37072820737673550545982947499525351299052704677011952299848670736862285050132:1777607046:SELL",
      "timestamp": 1777607046,
      "user": {
        "id": "0xd221f735bd3fa2a885c3e02518c8bb64485358a9"
      },
      "market": {
        "question": "Nuggets vs. Timberwolves"
      },
      "outcomeIndex": 1,
      "outcome": "Timberwolves",
      "amountUSD": "111.43",
      "size": 214.28,
      "price": 0.52,
      "type": "SELL",
      "slug": "nba-den-min-2026-04-30",
      "eventSlug": "nba-den-min-2026-04-30",
      "transactionHash": "0x1d319589f7dd9e5133a0986669c1dbdaf71c4e38b293dcc466f471f3510e49c3"
    },
    {
      "id": "0x78c32ff51e9f9e8721a9038e753a91d7683503add44d1c855b6637e065998e44:37072820737673550545982947499525351299052704677011952299848670736862285050132:1777607044:BUY",
      "timestamp": 1777607044,
      "user": {
        "id": "0xa38a455bbdd4b68486548b7e19da99903f4f821d"
      },
      "market": {
        "question": "Nuggets vs. Timberwolves"
      },
      "outcomeIndex": 1,
      "outcome": "Timberwolves",
      "amountUSD": "516.74",
      "size": 1115.44,
      "price": 0.4632617621745679,
      "type": "BUY",
      "slug": "nba-den-min-2026-04-30",
      "eventSlug": "nba-den-min-2026-04-30",
      "transactionHash": "0x78c32ff51e9f9e8721a9038e753a91d7683503add44d1c855b6637e065998e44"
    },
    {
      "id": "0x4fec1c045f403767dca530259d6860d63ef4a60dac547fcba3cdd51772f50429:37072820737673550545982947499525351299052704677011952299848670736862285050132:1777607044:BUY",
      "timestamp": 1777607044,
      "user": {
        "id": "0xec690ecdbe75275f390d9460b112dfc53ae36fba"
      },
      "market": {
        "question": "Nuggets vs. Timberwolves"
      },
      "outcomeIndex": 1,
      "outcome": "Timberwolves",
      "amountUSD": "113.29",
      "size": 220,
      "price": 0.5149381818181819,
      "type": "BUY",
      "slug": "nba-den-min-2026-04-30",
      "eventSlug": "nba-den-min-2026-04-30",
      "transactionHash": "0x4fec1c045f403767dca530259d6860d63ef4a60dac547fcba3cdd51772f50429"
    },
    {
      "id": "0x1e50eec06867c68e23de599353f099b91c0a93862bbe7a01a84e983f803e44b7:37072820737673550545982947499525351299052704677011952299848670736862285050132:1777607044:BUY",
      "timestamp": 1777607044,
      "user": {
        "id": "0xe91171f655be1568e4c63f29663c0028649e3d4e"
      },
      "market": {
        "question": "Nuggets vs. Timberwolves"
      },
      "outcomeIndex": 1,
      "outcome": "Timberwolves",
      "amountUSD": "473.40",
      "size": 1052,
      "price": 0.45,
      "type": "BUY",
      "slug": "nba-den-min-2026-04-30",
      "eventSlug": "nba-den-min-2026-04-30",
      "transactionHash": "0x1e50eec06867c68e23de599353f099b91c0a93862bbe7a01a84e983f803e44b7"
    },
    {
      "id": "0xee975ae4a8e77a534eb4a895235f3e026f70f9f5265476e49cc5045c7319dd6a:37072820737673550545982947499525351299052704677011952299848670736862285050132:1777607044:BUY",
      "timestamp": 1777607044,
      "user": {
        "id": "0x84cfffc3f16dcc353094de30d4a45226eccd2f63"
      },
      "market": {
        "question": "Nuggets vs. Timberwolves"
      },
      "outcomeIndex": 1,
      "outcome": "Timberwolves",
      "amountUSD": "160.89",
      "size": 357.65,
      "price": 0.44986019851810427,
      "type": "BUY",
      "slug": "nba-den-min-2026-04-30",
      "eventSlug": "nba-den-min-2026-04-30",
      "transactionHash": "0xee975ae4a8e77a534eb4a895235f3e026f70f9f5265476e49cc5045c7319dd6a"
    },
    {
      "id": "0x4b8dab0be2965b4c41a9a483c4eaf395b83eaf06eeb558a0b56fae802ed41791:55053374667733007627913689484290555932799177921000957543346276204775142445823:1777607044:BUY",
      "timestamp": 1777607044,
      "user": {
        "id": "0xc9bac20419d7451801a35d935f597b710c2ee69c"
      },
      "market": {
        "question": "Will Roy Cooper win the 2028 Democratic presidential nomination?"
      },
      "outcomeIndex": 1,
      "outcome": "No",
      "amountUSD": "158.00",
      "size": 159.757272,
      "price": 0.988999999949924,
      "type": "BUY",
      "slug": "will-roy-cooper-win-the-2028-democratic-presidential-nomination-286",
      "eventSlug": "democratic-presidential-nominee-2028",
      "transactionHash": "0x4b8dab0be2965b4c41a9a483c4eaf395b83eaf06eeb558a0b56fae802ed41791"
    },
    {
      "id": "0xc23a5f347cd5f80f733c616db08960bd7ca96da36cab3f876f87109d91501772:14928736619687821077211517929586802526052402558192937625047910268842003537451:1777607044:SELL",
      "timestamp": 1777607044,
      "user": {
        "id": "0x56167c17bb7aa050e7816b059b056acd69592106"
      },
      "market": {
        "question": "Will the price of Bitcoin be above $72,000 on May 1?"
      },
      "outcomeIndex": 0,
      "outcome": "Yes",
      "amountUSD": "2795.02",
      "size": 2802.8,
      "price": 0.9972251213072642,
      "type": "SELL",
      "slug": "bitcoin-above-72k-on-may-1",
      "eventSlug": "bitcoin-above-on-may-1",
      "transactionHash": "0xc23a5f347cd5f80f733c616db08960bd7ca96da36cab3f876f87109d91501772"
    },
    {
      "id": "0x487463e52d33b71c16ec12484440dab9d9f83f192e053b33e288e85c0331bd11:79781900793723398886446678045694525197827076687973367405827515566150115663163:1777607044:BUY",
      "timestamp": 1777607044,
      "user": {
        "id": "0x33ebcafa08b9a105a80dc2facb2f00fca64c025a"
      },
      "market": {
        "question": "Spread: Girona FC (-2.5)"
      },
      "outcomeIndex": 1,
      "outcome": "RCD Mallorca",
      "amountUSD": "110.00",
      "size": 120.879111,
      "price": 0.9099999999172728,
      "type": "BUY",
      "slug": "lal-gir-mal-2026-05-01-spread-home-2pt5",
      "eventSlug": "lal-gir-mal-2026-05-01-more-markets",
      "transactionHash": "0x487463e52d33b71c16ec12484440dab9d9f83f192e053b33e288e85c0331bd11"
    },
    {
      "id": "0x0ad7663cc408d47d1a5bea23eb1b4707ed179bc2ad3bbb87092a267f80b035ab:9858445493903501648722765041195521587435370553699986326259923783724888628821:1777607042:BUY",
      "timestamp": 1777607042,
      "user": {
        "id": "0xa6a1ea5c07a48f264ddeea88827e5216658c52e6"
      },
      "market": {
        "question": "Will Pete Hegseth win the 2028 Republican presidential nomination?"
      },
      "outcomeIndex": 1,
      "outcome": "No",
      "amountUSD": "785.61",
      "size": 790.35,
      "price": 0.994,
      "type": "BUY",
      "slug": "will-pete-hegseth-win-the-2028-republican-presidential-nomination",
      "eventSlug": "republican-presidential-nominee-2028",
      "transactionHash": "0x0ad7663cc408d47d1a5bea23eb1b4707ed179bc2ad3bbb87092a267f80b035ab"
    },
    {
      "id": "0xdb61e2396715fb304e657cb0d71339191cfd29c30fca3d51762ad2449038ec15:105754735859803813986361714630753276237891536292440584153365249756008425623608:1777607042:SELL",
      "timestamp": 1777607042,
      "user": {
        "id": "0xa8ff3a422b877fbf5bd6f2277b02aecbbb97c90d"
      },
      "market": {
        "question": "Will Uzbekistan win the 2026 FIFA World Cup?"
      },
      "outcomeIndex": 1,
      "outcome": "No",
      "amountUSD": "237.75",
      "size": 238.47,
      "price": 0.997,
      "type": "SELL",
      "slug": "will-uzbekistan-win-the-2026-fifa-world-cup-773",
      "eventSlug": "2026-fifa-world-cup-winner-595",
      "transactionHash": "0xdb61e2396715fb304e657cb0d71339191cfd29c30fca3d51762ad2449038ec15"
    },
    {
      "id": "0x42684f698637fa462e35d69bd9554cd1a4a0d27f181f4d70b54448afdbc1e61c:93993883668914241189795812807312922412111034935516092303580333564217329905759:1777607040:BUY",
      "timestamp": 1777607040,
      "user": {
        "id": "0x210e792a57802bc5ea0d37125e1e18207f4dbd2f"
      },
      "market": {
        "question": "Will Barack Obama win the 2028 Democratic presidential nomination?"
      },
      "outcomeIndex": 1,
      "outcome": "No",
      "amountUSD": "204.00",
      "size": 205.438,
      "price": 0.993,
      "type": "BUY",
      "slug": "will-barack-obama-win-the-2028-democratic-presidential-nomination-265",
      "eventSlug": "democratic-presidential-nominee-2028",
      "transactionHash": "0x42684f698637fa462e35d69bd9554cd1a4a0d27f181f4d70b54448afdbc1e61c"
    },
    {
      "id": "0x9e8fe677f0ad85c552c80927ef00d99963c5d9088aaaec9f799a64a2ceca2aef:95014218003196874574301509918087634710765666426292560013762708360605112063777:1777607040:BUY",
      "timestamp": 1777607040,
      "user": {
        "id": "0xbefab8272561489271cbff7500d3cb12f16a6f3b"
      },
      "market": {
        "question": "Bitcoin Up or Down - April 30, 11:40PM-11:45PM ET"
      },
      "outcomeIndex": 0,
      "outcome": "Up",
      "amountUSD": "135.27",
      "size": 150.3,
      "price": 0.9,
      "type": "BUY",
      "slug": "btc-updown-5m-1777606800",
      "eventSlug": "btc-updown-5m-1777606800",
      "transactionHash": "0x9e8fe677f0ad85c552c80927ef00d99963c5d9088aaaec9f799a64a2ceca2aef"
    },
    {
      "id": "0x1fa196025b02e74e2dd1ee204874c35359b3883ed3f2100d22f579c4bbfc2910:30357767947480285883761313215827358416711193584639846702115748417508830705975:1777607038:SELL",
      "timestamp": 1777607038,
      "user": {
        "id": "0x063723db69f8009d36a39dc2342adbab7f331e31"
      },
      "market": {
        "question": "Will the Toronto Raptors win the 2026 NBA Finals?"
      },
      "outcomeIndex": 1,
      "outcome": "No",
      "amountUSD": "329.62",
      "size": 330.61,
      "price": 0.997,
      "type": "SELL",
      "slug": "will-the-toronto-raptors-win-the-2026-nba-finals",
      "eventSlug": "2026-nba-champion",
      "transactionHash": "0x1fa196025b02e74e2dd1ee204874c35359b3883ed3f2100d22f579c4bbfc2910"
    },
    {
      "id": "0x66438f16abc51a90e08eeb82ed1b73c009bf8b70cd92a9b45b617bdcb717dfc7:31171683626390528864786329415741967294710563218806357068993044338413953601695:1777607038:SELL",
      "timestamp": 1777607038,
      "user": {
        "id": "0x389faa7df933747a571daf4d6b298e237ec96079"
      },
      "market": {
        "question": "Will Serbia win Eurovision 2026?"
      },
      "outcomeIndex": 1,
      "outcome": "No",
      "amountUSD": "1583.47",
      "size": 1589.83,
      "price": 0.996,
      "type": "SELL",
      "slug": "will-serbia-win-eurovision-2026",
      "eventSlug": "eurovision-winner-2026",
      "transactionHash": "0x66438f16abc51a90e08eeb82ed1b73c009bf8b70cd92a9b45b617bdcb717dfc7"
    },
    {
      "id": "0xd519d66226c504e71ef333461fa8343a0e5d7ee89810e3f1144969a30fba9086:37072820737673550545982947499525351299052704677011952299848670736862285050132:1777607038:SELL",
      "timestamp": 1777607038,
      "user": {
        "id": "0x1f9f15cdbbb5cb1cbefe80fefbd6862100852cb8"
      },
      "market": {
        "question": "Nuggets vs. Timberwolves"
      },
      "outcomeIndex": 1,
      "outcome": "Timberwolves",
      "amountUSD": "337.76",
      "size": 785.48,
      "price": 0.43,
      "type": "SELL",
      "slug": "nba-den-min-2026-04-30",
      "eventSlug": "nba-den-min-2026-04-30",
      "transactionHash": "0xd519d66226c504e71ef333461fa8343a0e5d7ee89810e3f1144969a30fba9086"
    },
    {
      "id": "0xbc3d314765df78d32b0b9d0e9b64659f008c2f83d8ba93bcfd9f9e15def12ab2:9858445493903501648722765041195521587435370553699986326259923783724888628821:1777607038:BUY",
      "timestamp": 1777607038,
      "user": {
        "id": "0x22273cb5e3a56eaacb2773b42a5703ad8212b7c5"
      },
      "market": {
        "question": "Will Pete Hegseth win the 2028 Republican presidential nomination?"
      },
      "outcomeIndex": 1,
      "outcome": "No",
      "amountUSD": "785.48",
      "size": 790.22,
      "price": 0.994,
      "type": "BUY",
      "slug": "will-pete-hegseth-win-the-2028-republican-presidential-nomination",
      "eventSlug": "republican-presidential-nominee-2028",
      "transactionHash": "0xbc3d314765df78d32b0b9d0e9b64659f008c2f83d8ba93bcfd9f9e15def12ab2"
    },
    {
      "id": "0x0ee09b2ada047ae955e9ab1d98a43ea5dd0490454be5f5e3de7fa6ecbafd84c0:95014218003196874574301509918087634710765666426292560013762708360605112063777:1777607036:BUY",
      "timestamp": 1777607036,
      "user": {
        "id": "0xeebde7a0e019a63e6b476eb425505b7b3e6eba30"
      },
      "market": {
        "question": "Bitcoin Up or Down - April 30, 11:40PM-11:45PM ET"
      },
      "outcomeIndex": 0,
      "outcome": "Up",
      "amountUSD": "109.80",
      "size": 122,
      "price": 0.9,
      "type": "BUY",
      "slug": "btc-updown-5m-1777606800",
      "eventSlug": "btc-updown-5m-1777606800",
      "transactionHash": "0x0ee09b2ada047ae955e9ab1d98a43ea5dd0490454be5f5e3de7fa6ecbafd84c0"
    },
    {
      "id": "0x2b357846121d6e9fd0ad32dc1328b026b580e5913da07100cd0cc1de9dd01940:95014218003196874574301509918087634710765666426292560013762708360605112063777:1777607036:BUY",
      "timestamp": 1777607036,
      "user": {
        "id": "0x361528e242bc6cc789ac8da6fd5cb98046178fdf"
      },
      "market": {
        "question": "Bitcoin Up or Down - April 30, 11:40PM-11:45PM ET"
      },
      "outcomeIndex": 0,
      "outcome": "Up",
      "amountUSD": "183.60",
      "size": 204,
      "price": 0.9,
      "type": "BUY",
      "slug": "btc-updown-5m-1777606800",
      "eventSlug": "btc-updown-5m-1777606800",
      "transactionHash": "0x2b357846121d6e9fd0ad32dc1328b026b580e5913da07100cd0cc1de9dd01940"
    },
    {
      "id": "0xda5d55e7504c5d811e8e2bd3b83a57230b1059b1b52770e78accd2d4cdcd1cd8:32235446864347672961828336430770686722619982320430612939766789397592876077238:1777607036:BUY",
      "timestamp": 1777607036,
      "user": {
        "id": "0x204e14f11a08a465479e437b0e37b7e9e0358d08"
      },
      "market": {
        "question": "Will Club Alianza Atl\u00e9tico win on 2026-04-30?"
      },
      "outcomeIndex": 1,
      "outcome": "No",
      "amountUSD": "553.94",
      "size": 554.99,
      "price": 0.998099082866358,
      "type": "BUY",
      "slug": "sud-aas-mac-2026-04-30-aas",
      "eventSlug": "sud-aas-mac-2026-04-30",
      "transactionHash": "0xda5d55e7504c5d811e8e2bd3b83a57230b1059b1b52770e78accd2d4cdcd1cd8"
    },
    {
      "id": "0x64ae489854fa5bd2b460488704b6ee246b79dc686e816b0b3915e67c70a8bad1:11468081469074950190801200970836183467161462959217541620743956944390117639069:1777607036:BUY",
      "timestamp": 1777607036,
      "user": {
        "id": "0xa806270a1a7a8b18a2409c927b1e08851ce72c7c"
      },
      "market": {
        "question": "Ethereum Up or Down - April 30, 11PM ET"
      },
      "outcomeIndex": 0,
      "outcome": "Up",
      "amountUSD": "150.49",
      "size": 152.01,
      "price": 0.99,
      "type": "BUY",
      "slug": "ethereum-up-or-down-april-30-2026-11pm-et",
      "eventSlug": "ethereum-up-or-down-april-30-2026-11pm-et",
      "transactionHash": "0x64ae489854fa5bd2b460488704b6ee246b79dc686e816b0b3915e67c70a8bad1"
    },
    {
      "id": "0x35d1cca74b2248295d743c764327d0908851ba37e6d533b7dba80247db044caf:6483785303985836244748356308634798086646062225423488515397837203272686466210:1777607034:SELL",
      "timestamp": 1777607034,
      "user": {
        "id": "0x944d8e37fd835b292273442de2b5cc52f2a72c00"
      },
      "market": {
        "question": "Will Cho Eun-hee win the 2026 Seoul Mayoral Election"
      },
      "outcomeIndex": 1,
      "outcome": "No",
      "amountUSD": "276.72",
      "size": 277.27,
      "price": 0.998,
      "type": "SELL",
      "slug": "will-cho-eun-hee-win-the-2026-seoul-mayoral-election",
      "eventSlug": "2026-seoul-mayoral-election-winner",
      "transactionHash": "0x35d1cca74b2248295d743c764327d0908851ba37e6d533b7dba80247db044caf"
    },
    {
      "id": "0x0b3331f7552f4cb91877fb25ed3f2a7a2523af2b340580e4abf481fa3fb8d8f0:23867372970420400587387999037898773962597107227605219679094504041211930849697:1777607034:BUY",
      "timestamp": 1777607034,
      "user": {
        "id": "0x765fa4c18dd7c3607cdcee7a87681747c2d51508"
      },
      "market": {
        "question": "LoL: T1 Academy vs Kiwoom DRX Challengers - Game 2 Winner"
      },
      "outcomeIndex": 0,
      "outcome": "T1 Academy",
      "amountUSD": "249.25",
      "size": 389.45,
      "price": 0.64,
      "type": "BUY",
      "slug": "lol-t1a-drxc-2026-05-01-game2",
      "eventSlug": "lol-t1a-drxc-2026-05-01",
      "transactionHash": "0x0b3331f7552f4cb91877fb25ed3f2a7a2523af2b340580e4abf481fa3fb8d8f0"
    },
    {
      "id": "0x75af1f7f941b4634adf236e87f969a4ad280f9933031d8d7b775afda5727fbf6:109173146292895894906958270249731589847191354339155755081763000477381244881209:1777607034:BUY",
      "timestamp": 1777607034,
      "user": {
        "id": "0x6a72f61820b26b1fe4d956e17b6dc2a1ea3033ee"
      },
      "market": {
        "question": "Oilers vs. Ducks"
      },
      "outcomeIndex": 1,
      "outcome": "Ducks",
      "amountUSD": "379.50",
      "size": 462.8,
      "price": 0.82,
      "type": "BUY",
      "slug": "nhl-edm-ana-2026-04-30",
      "eventSlug": "nhl-edm-ana-2026-04-30",
      "transactionHash": "0x75af1f7f941b4634adf236e87f969a4ad280f9933031d8d7b775afda5727fbf6"
    },
    {
      "id": "0x1d93d57f4d772e115269899f3889468ae8d676c225abbf5b81126b7e37f4834d:41054916495347957510087691174345858426588337259427885853416998968409113903196:1777607034:BUY",
      "timestamp": 1777607034,
      "user": {
        "id": "0x204f72f35326db932158cba6adff0b9a1da95e14"
      },
      "market": {
        "question": "Nuggets vs. Timberwolves"
      },
      "outcomeIndex": 0,
      "outcome": "Nuggets",
      "amountUSD": "954.75",
      "size": 1675,
      "price": 0.57,
      "type": "BUY",
      "slug": "nba-den-min-2026-04-30",
      "eventSlug": "nba-den-min-2026-04-30",
      "transactionHash": "0x1d93d57f4d772e115269899f3889468ae8d676c225abbf5b81126b7e37f4834d"
    },
    {
      "id": "0xd014d244e400fc9343b1fe5cddd9121ea74289cc536d515d55a8ceefec444982:95014218003196874574301509918087634710765666426292560013762708360605112063777:1777607034:BUY",
      "timestamp": 1777607034,
      "user": {
        "id": "0x274765e44c7a6de8b6d37b022c8ecb7e5619a80d"
      },
      "market": {
        "question": "Bitcoin Up or Down - April 30, 11:40PM-11:45PM ET"
      },
      "outcomeIndex": 0,
      "outcome": "Up",
      "amountUSD": "116.00",
      "size": 129.96755,
      "price": 0.8925304431760082,
      "type": "BUY",
      "slug": "btc-updown-5m-1777606800",
      "eventSlug": "btc-updown-5m-1777606800",
      "transactionHash": "0xd014d244e400fc9343b1fe5cddd9121ea74289cc536d515d55a8ceefec444982"
    },
    {
      "id": "0x3c95be1e53863d168872056ff1616be565772bed2466d501db54d290e4176d01:100966306057435164439067339228624332754270252294302540206756310699254942177976:1777607032:BUY",
      "timestamp": 1777607032,
      "user": {
        "id": "0xd384bec8a0f6b2b28cdda3e8f26666ba96abdee7"
      },
      "market": {
        "question": "Will South Korea win the 2026 FIFA World Cup?"
      },
      "outcomeIndex": 1,
      "outcome": "No",
      "amountUSD": "336.96",
      "size": 338.31325,
      "price": 0.996,
      "type": "BUY",
      "slug": "will-south-korea-win-the-2026-fifa-world-cup-485",
      "eventSlug": "2026-fifa-world-cup-winner-595",
      "transactionHash": "0x3c95be1e53863d168872056ff1616be565772bed2466d501db54d290e4176d01"
    },
    {
      "id": "0xec5ca078f7e42acbdac4f6cf84fb926b7fef81cf8cbbcc11d3c4220bd381baac:101648473638744190831155098937185456781169362012020488678589196861215102307763:1777607032:BUY",
      "timestamp": 1777607032,
      "user": {
        "id": "0x5b69fe7048a533847b4e3abe1b9eea261a91a6af"
      },
      "market": {
        "question": "Ethereum Up or Down - April 30, 8:00PM-12:00AM ET"
      },
      "outcomeIndex": 0,
      "outcome": "Up",
      "amountUSD": "149.55",
      "size": 150,
      "price": 0.997,
      "type": "BUY",
      "slug": "eth-updown-4h-1777593600",
      "eventSlug": "eth-updown-4h-1777593600",
      "transactionHash": "0xec5ca078f7e42acbdac4f6cf84fb926b7fef81cf8cbbcc11d3c4220bd381baac"
    },
    {
      "id": "0xe89c7eba3073aafd5aee7831efd530048d6bf780f511b057fdcc828c0759ccd3:33180768152523300359608266378407672062602509411420976242276369931017390299193:1777607030:SELL",
      "timestamp": 1777607030,
      "user": {
        "id": "0x1a967b272e98b708fb26a947a50c23785ac29797"
      },
      "market": {
        "question": "Will Park Ju-min win the 2026 Seoul Mayoral Election"
      },
      "outcomeIndex": 1,
      "outcome": "No",
      "amountUSD": "406.33",
      "size": 407.14,
      "price": 0.998,
      "type": "SELL",
      "slug": "will-park-ju-min-win-the-2026-seoul-mayoral-election",
      "eventSlug": "2026-seoul-mayoral-election-winner",
      "transactionHash": "0xe89c7eba3073aafd5aee7831efd530048d6bf780f511b057fdcc828c0759ccd3"
    },
    {
      "id": "0x627a52f2c1f5229a1b6632ede9caacfec8db67e1881256e38b673744c32f1796:9858445493903501648722765041195521587435370553699986326259923783724888628821:1777607030:BUY",
      "timestamp": 1777607030,
      "user": {
        "id": "0x63cb6bcdca49560c2de7e3b629e42b867944061f"
      },
      "market": {
        "question": "Will Pete Hegseth win the 2028 Republican presidential nomination?"
      },
      "outcomeIndex": 1,
      "outcome": "No",
      "amountUSD": "785.20",
      "size": 789.94,
      "price": 0.994,
      "type": "BUY",
      "slug": "will-pete-hegseth-win-the-2028-republican-presidential-nomination",
      "eventSlug": "republican-presidential-nominee-2028",
      "transactionHash": "0x627a52f2c1f5229a1b6632ede9caacfec8db67e1881256e38b673744c32f1796"
    },
    {
      "id": "0x9e1c6b41dfee901747acea98468403587e969964f54b53eefc21e77d8a2a0b91:96641039706447830710669393792634262867269870568346516418337469133566417703053:1777607030:BUY",
      "timestamp": 1777607030,
      "user": {
        "id": "0x5b69fe7048a533847b4e3abe1b9eea261a91a6af"
      },
      "market": {
        "question": "Bitcoin Up or Down - April 30, 8:00PM-12:00AM ET"
      },
      "outcomeIndex": 0,
      "outcome": "Up",
      "amountUSD": "159.52",
      "size": 160,
      "price": 0.997,
      "type": "BUY",
      "slug": "btc-updown-4h-1777593600",
      "eventSlug": "btc-updown-4h-1777593600",
      "transactionHash": "0x9e1c6b41dfee901747acea98468403587e969964f54b53eefc21e77d8a2a0b91"
    },
    {
      "id": "0x889c79b65862c3ddede32222286aaac6d9f00f8e7c284a8d79d70eca5243c8d9:37072820737673550545982947499525351299052704677011952299848670736862285050132:1777607028:BUY",
      "timestamp": 1777607028,
      "user": {
        "id": "0xb5aa9120ee3313e44d5e6a4895b8f7118cda5bd7"
      },
      "market": {
        "question": "Nuggets vs. Timberwolves"
      },
      "outcomeIndex": 1,
      "outcome": "Timberwolves",
      "amountUSD": "800.00",
      "size": 1818.181817,
      "price": 0.439999999736,
      "type": "BUY",
      "slug": "nba-den-min-2026-04-30",
      "eventSlug": "nba-den-min-2026-04-30",
      "transactionHash": "0x889c79b65862c3ddede32222286aaac6d9f00f8e7c284a8d79d70eca5243c8d9"
    },
    {
      "id": "0xee50ff2fe659b8a2770460c38f42807a826de64ed4c5f4306b49de3a696d5a33:71682153302264695207540335320577595210001485185119839292686478731281284670295:1777607028:BUY",
      "timestamp": 1777607028,
      "user": {
        "id": "0x204f72f35326db932158cba6adff0b9a1da95e14"
      },
      "market": {
        "question": "Spread: Nuggets (-6.5)"
      },
      "outcomeIndex": 1,
      "outcome": "Timberwolves",
      "amountUSD": "195.58",
      "size": 254,
      "price": 0.77,
      "type": "BUY",
      "slug": "nba-den-min-2026-04-30-spread-away-6pt5",
      "eventSlug": "nba-den-min-2026-04-30",
      "transactionHash": "0xee50ff2fe659b8a2770460c38f42807a826de64ed4c5f4306b49de3a696d5a33"
    },
    {
      "id": "0x9ced7b1747c952c18d15e84671271810c6c25f06fcd5d54d1226d3fec90e2984:14928736619687821077211517929586802526052402558192937625047910268842003537451:1777607028:BUY",
      "timestamp": 1777607028,
      "user": {
        "id": "0x56167c17bb7aa050e7816b059b056acd69592106"
      },
      "market": {
        "question": "Will the price of Bitcoin be above $72,000 on May 1?"
      },
      "outcomeIndex": 0,
      "outcome": "Yes",
      "amountUSD": "2800.00",
      "size": 2802.802,
      "price": 0.999,
      "type": "BUY",
      "slug": "bitcoin-above-72k-on-may-1",
      "eventSlug": "bitcoin-above-on-may-1",
      "transactionHash": "0x9ced7b1747c952c18d15e84671271810c6c25f06fcd5d54d1226d3fec90e2984"
    },
    {
      "id": "0x7c6db718faeee5df28b7e3be18b6633b44adda77825d55cc5b4bb7e3209ec70e:41054916495347957510087691174345858426588337259427885853416998968409113903196:1777607028:BUY",
      "timestamp": 1777607028,
      "user": {
        "id": "0xed9953e63eeab453756fe83ae70654e9f28d2677"
      },
      "market": {
        "question": "Nuggets vs. Timberwolves"
      },
      "outcomeIndex": 0,
      "outcome": "Nuggets",
      "amountUSD": "309.00",
      "size": 542.105262,
      "price": 0.5699999993728155,
      "type": "BUY",
      "slug": "nba-den-min-2026-04-30",
      "eventSlug": "nba-den-min-2026-04-30",
      "transactionHash": "0x7c6db718faeee5df28b7e3be18b6633b44adda77825d55cc5b4bb7e3209ec70e"
    },
    {
      "id": "0xba3355fbab248f2f77cf32724eed76cb0c53eeb39fe0bf72ae085e7aa27b750f:95014218003196874574301509918087634710765666426292560013762708360605112063777:1777607028:BUY",
      "timestamp": 1777607028,
      "user": {
        "id": "0xcfb103c37c0234f524c632d964ed31f117b5f694"
      },
      "market": {
        "question": "Bitcoin Up or Down - April 30, 11:40PM-11:45PM ET"
      },
      "outcomeIndex": 0,
      "outcome": "Up",
      "amountUSD": "104.02",
      "size": 124.7,
      "price": 0.8341459502806736,
      "type": "BUY",
      "slug": "btc-updown-5m-1777606800",
      "eventSlug": "btc-updown-5m-1777606800",
      "transactionHash": "0xba3355fbab248f2f77cf32724eed76cb0c53eeb39fe0bf72ae085e7aa27b750f"
    },
    {
      "id": "0xf99650a7b10c20ba58c539d4fdc24795060b5f04957a25d5e6d26ed674a3da48:110475425879038752349535639720766480458274565783397083615496250556947203595226:1777607026:BUY",
      "timestamp": 1777607026,
      "user": {
        "id": "0xf56a79770baff990fad1074fdbc310a59631a946"
      },
      "market": {
        "question": "Will Tom Brady win the 2028 Republican presidential nomination?"
      },
      "outcomeIndex": 1,
      "outcome": "No",
      "amountUSD": "1001.88",
      "size": 1008.94,
      "price": 0.993,
      "type": "BUY",
      "slug": "will-tom-brady-win-the-2028-republican-presidential-nomination",
      "eventSlug": "republican-presidential-nominee-2028",
      "transactionHash": "0xf99650a7b10c20ba58c539d4fdc24795060b5f04957a25d5e6d26ed674a3da48"
    },
    {
      "id": "0x18bc863200e30a59cfcbe605c54843a682e87b8020d9a9783e5c1ec272bba68c:41054916495347957510087691174345858426588337259427885853416998968409113903196:1777607026:BUY",
      "timestamp": 1777607026,
      "user": {
        "id": "0x84cfffc3f16dcc353094de30d4a45226eccd2f63"
      },
      "market": {
        "question": "Nuggets vs. Timberwolves"
      },
      "outcomeIndex": 0,
      "outcome": "Nuggets",
      "amountUSD": "152.69",
      "size": 267.87,
      "price": 0.57,
      "type": "BUY",
      "slug": "nba-den-min-2026-04-30",
      "eventSlug": "nba-den-min-2026-04-30",
      "transactionHash": "0x18bc863200e30a59cfcbe605c54843a682e87b8020d9a9783e5c1ec272bba68c"
    },
    {
      "id": "0xcd3c8d7886b7aab5743952401a1bc91e0c205e95b73909c074b5be57285985a1:102084577517225131375286042838758381959278092930102485541091152099183604495224:1777607026:SELL",
      "timestamp": 1777607026,
      "user": {
        "id": "0x210e792a57802bc5ea0d37125e1e18207f4dbd2f"
      },
      "market": {
        "question": "Will Gretchen Whitmer win the 2028 US Presidential Election?"
      },
      "outcomeIndex": 1,
      "outcome": "No",
      "amountUSD": "193.80",
      "size": 195.76,
      "price": 0.99,
      "type": "SELL",
      "slug": "will-gretchen-whitmer-win-the-2028-us-presidential-election",
      "eventSlug": "presidential-election-winner-2028",
      "transactionHash": "0xcd3c8d7886b7aab5743952401a1bc91e0c205e95b73909c074b5be57285985a1"
    },
    {
      "id": "0x206583222473a3aa5402be34e64eba93eebb0867bf513f9902e265eee47c2fc6:9858445493903501648722765041195521587435370553699986326259923783724888628821:1777607026:BUY",
      "timestamp": 1777607026,
      "user": {
        "id": "0x02edaf6679f0b43d8bb3a14a754212809186310d"
      },
      "market": {
        "question": "Will Pete Hegseth win the 2028 Republican presidential nomination?"
      },
      "outcomeIndex": 1,
      "outcome": "No",
      "amountUSD": "785.19",
      "size": 789.93,
      "price": 0.994,
      "type": "BUY",
      "slug": "will-pete-hegseth-win-the-2028-republican-presidential-nomination",
      "eventSlug": "republican-presidential-nominee-2028",
      "transactionHash": "0x206583222473a3aa5402be34e64eba93eebb0867bf513f9902e265eee47c2fc6"
    },
    {
      "id": "0x23022065a50972bc7a92770ac07355f63a79b0a21117c05f7c739e7170d60f48:41054916495347957510087691174345858426588337259427885853416998968409113903196:1777607024:BUY",
      "timestamp": 1777607024,
      "user": {
        "id": "0xec690ecdbe75275f390d9460b112dfc53ae36fba"
      },
      "market": {
        "question": "Nuggets vs. Timberwolves"
      },
      "outcomeIndex": 0,
      "outcome": "Nuggets",
      "amountUSD": "125.40",
      "size": 220,
      "price": 0.57,
      "type": "BUY",
      "slug": "nba-den-min-2026-04-30",
      "eventSlug": "nba-den-min-2026-04-30",
      "transactionHash": "0x23022065a50972bc7a92770ac07355f63a79b0a21117c05f7c739e7170d60f48"
    },
    {
      "id": "0x69579a33071eac257a4ca868e354505abcb7fc1f14fa64dccb767a8418173076:41054916495347957510087691174345858426588337259427885853416998968409113903196:1777607024:SELL",
      "timestamp": 1777607024,
      "user": {
        "id": "0x8aa67f2b6fae3e92e00771a05f4b47bf91cb83f9"
      },
      "market": {
        "question": "Nuggets vs. Timberwolves"
      },
      "outcomeIndex": 0,
      "outcome": "Nuggets",
      "amountUSD": "280.00",
      "size": 500,
      "price": 0.56,
      "type": "SELL",
      "slug": "nba-den-min-2026-04-30",
      "eventSlug": "nba-den-min-2026-04-30",
      "transactionHash": "0x69579a33071eac257a4ca868e354505abcb7fc1f14fa64dccb767a8418173076"
    },
    {
      "id": "0x96f3f652f452da600d40e20e3d5cc02fa95772a1deacc892e25151e650887397:26533811683673020016156821068743960771270276222852607342597705457170159668542:1777607024:BUY",
      "timestamp": 1777607024,
      "user": {
        "id": "0x8e9ea3747537722abb6175b77d3f6af95dfb2932"
      },
      "market": {
        "question": "Will 11 Fed rate cuts happen in 2026?"
      },
      "outcomeIndex": 1,
      "outcome": "No",
      "amountUSD": "104.68",
      "size": 104.8895,
      "price": 0.998,
      "type": "BUY",
      "slug": "will-11-fed-rate-cuts-happen-in-2026",
      "eventSlug": "how-many-fed-rate-cuts-in-2026",
      "transactionHash": "0x96f3f652f452da600d40e20e3d5cc02fa95772a1deacc892e25151e650887397"
    },
    {
      "id": "0x29ccd3a98305f96e3ed8b2866fda00138f5f56f38768e997e7de28b6ef279312:19054482362666943562273480225378531345203144018228355695430835034849325181406:1777607022:SELL",
      "timestamp": 1777607022,
      "user": {
        "id": "0x432874b8f2ab75eb74c36bcd54c83fe2a46cae56"
      },
      "market": {
        "question": "Will Oliver Bearman be the 2026 F1 Drivers' Champion?"
      },
      "outcomeIndex": 1,
      "outcome": "No",
      "amountUSD": "168.91",
      "size": 169.42,
      "price": 0.997,
      "type": "SELL",
      "slug": "will-oliver-bearman-be-the-2026-f1-drivers-champion",
      "eventSlug": "2026-f1-drivers-champion",
      "transactionHash": "0x29ccd3a98305f96e3ed8b2866fda00138f5f56f38768e997e7de28b6ef279312"
    },
    {
      "id": "0x3612bb375c17f286400be704aab8d5a4165189d29f2cfa5a0dfdd7d70c027e87:45099054006923138281311463758770234951153596952213440096254242321807308634603:1777607022:BUY",
      "timestamp": 1777607022,
      "user": {
        "id": "0x44d1b671aecad2aa86fbbde8fdf519d98ea63167"
      },
      "market": {
        "question": "Will Chris Murphy win the 2028 Democratic presidential nomination?"
      },
      "outcomeIndex": 1,
      "outcome": "No",
      "amountUSD": "140.00",
      "size": 140.845,
      "price": 0.994,
      "type": "BUY",
      "slug": "will-chris-murphy-win-the-2028-democratic-presidential-nomination",
      "eventSlug": "democratic-presidential-nominee-2028",
      "transactionHash": "0x3612bb375c17f286400be704aab8d5a4165189d29f2cfa5a0dfdd7d70c027e87"
    },
    {
      "id": "0x813c18c33501ae560ebea0bc5614536c235318585ad2213c61f40aee13935974:22350200358964885752834666673313833233023016034000340811825367373503909181629:1777607020:BUY",
      "timestamp": 1777607020,
      "user": {
        "id": "0xe8dd7741ccb12350957ec71e9ee332e0d1e6ec86"
      },
      "market": {
        "question": "Will Cho Kyoung-tae win the 2026 Busan Mayoral Election?"
      },
      "outcomeIndex": 1,
      "outcome": "No",
      "amountUSD": "302.76",
      "size": 303.063,
      "price": 0.999,
      "type": "BUY",
      "slug": "will-cho-kyoung-tae-win-the-2026-busan-mayoral-election",
      "eventSlug": "2026-busan-mayoral-election-winner",
      "transactionHash": "0x813c18c33501ae560ebea0bc5614536c235318585ad2213c61f40aee13935974"
    },
    {
      "id": "0x6e134bf414eff797e84f216787466416f628641f5a1a3d60ad0a5428431d8295:9858445493903501648722765041195521587435370553699986326259923783724888628821:1777607020:BUY",
      "timestamp": 1777607020,
      "user": {
        "id": "0x7822808879cbc16f2aab32fa783d6907939c0379"
      },
      "market": {
        "question": "Will Pete Hegseth win the 2028 Republican presidential nomination?"
      },
      "outcomeIndex": 1,
      "outcome": "No",
      "amountUSD": "785.13",
      "size": 789.87,
      "price": 0.994,
      "type": "BUY",
      "slug": "will-pete-hegseth-win-the-2028-republican-presidential-nomination",
      "eventSlug": "republican-presidential-nominee-2028",
      "transactionHash": "0x6e134bf414eff797e84f216787466416f628641f5a1a3d60ad0a5428431d8295"
    },
    {
      "id": "0x942dc23874f0bdd3e03a5aee6ce9fba06073bde0ebe1520bfe6bfd8bdd9e9b9a:114027443957406572003803395096466230818480044070799135588191806195694235352175:1777607020:BUY",
      "timestamp": 1777607020,
      "user": {
        "id": "0xe8dd7741ccb12350957ec71e9ee332e0d1e6ec86"
      },
      "market": {
        "question": "Will Cho Kuk win the 2026 Busan Mayoral Election?"
      },
      "outcomeIndex": 1,
      "outcome": "No",
      "amountUSD": "302.46",
      "size": 303.066,
      "price": 0.998,
      "type": "BUY",
      "slug": "will-cho-kuk-win-the-2026-busan-mayoral-election",
      "eventSlug": "2026-busan-mayoral-election-winner",
      "transactionHash": "0x942dc23874f0bdd3e03a5aee6ce9fba06073bde0ebe1520bfe6bfd8bdd9e9b9a"
    },
    {
      "id": "0x99d4842a9298e4d1a6611471e2c4e71e82c6740a2ee0432f81073f97c32ed25b:73263948683999323997546458549916720569990521096648617003105652858504602207932:1777607020:BUY",
      "timestamp": 1777607020,
      "user": {
        "id": "0xe6b78cfd6f3cee13ca41d020b2f46a768d4751d9"
      },
      "market": {
        "question": "Will Ben Shelton win the 2026 Men's French Open?"
      },
      "outcomeIndex": 0,
      "outcome": "Yes",
      "amountUSD": "100.00",
      "size": 13919.26,
      "price": 0.007184289969438031,
      "type": "BUY",
      "slug": "will-ben-shelton-win-the-2026-mens-french-open",
      "eventSlug": "2026-mens-french-open-winner",
      "transactionHash": "0x99d4842a9298e4d1a6611471e2c4e71e82c6740a2ee0432f81073f97c32ed25b"
    },
    {
      "id": "0xeaf2bb397d615ec0b46314b5b3da7b5d0d4bf3011b5aaff6c5014aad895e0e9d:97739867453111379863868212504359220607017103621512127050703719121059146243582:1777607020:BUY",
      "timestamp": 1777607020,
      "user": {
        "id": "0xe8dd7741ccb12350957ec71e9ee332e0d1e6ec86"
      },
      "market": {
        "question": "Will Park Jae-ho win the 2026 Busan Mayoral Election?"
      },
      "outcomeIndex": 1,
      "outcome": "No",
      "amountUSD": "302.76",
      "size": 303.063,
      "price": 0.999,
      "type": "BUY",
      "slug": "will-park-jae-ho-win-the-2026-busan-mayoral-election",
      "eventSlug": "2026-busan-mayoral-election-winner",
      "transactionHash": "0xeaf2bb397d615ec0b46314b5b3da7b5d0d4bf3011b5aaff6c5014aad895e0e9d"
    },
    {
      "id": "0xd562eb5a11e019e7d405822c26f09ec651898557b9d4fe8f3521352158e9c5f3:46910925591556647932578435086499029418059347173200603145665808737103879632174:1777607020:BUY",
      "timestamp": 1777607020,
      "user": {
        "id": "0xe8dd7741ccb12350957ec71e9ee332e0d1e6ec86"
      },
      "market": {
        "question": "Will Park Heong-joon win the 2026 Busan Mayoral Election?"
      },
      "outcomeIndex": 1,
      "outcome": "No",
      "amountUSD": "136.00",
      "size": 206.06,
      "price": 0.66,
      "type": "BUY",
      "slug": "will-park-heong-joon-win-the-2026-busan-mayoral-election",
      "eventSlug": "2026-busan-mayoral-election-winner",
      "transactionHash": "0xd562eb5a11e019e7d405822c26f09ec651898557b9d4fe8f3521352158e9c5f3"
    },
    {
      "id": "0x2ca7c1b08ac6cfcd739500f89fa12ac1e1008c7155bf89725a858fbd0d376c9e:95014218003196874574301509918087634710765666426292560013762708360605112063777:1777607020:BUY",
      "timestamp": 1777607020,
      "user": {
        "id": "0xcfb103c37c0234f524c632d964ed31f117b5f694"
      },
      "market": {
        "question": "Bitcoin Up or Down - April 30, 11:40PM-11:45PM ET"
      },
      "outcomeIndex": 0,
      "outcome": "Up",
      "amountUSD": "137.09",
      "size": 181.3,
      "price": 0.7561682294539437,
      "type": "BUY",
      "slug": "btc-updown-5m-1777606800",
      "eventSlug": "btc-updown-5m-1777606800",
      "transactionHash": "0x2ca7c1b08ac6cfcd739500f89fa12ac1e1008c7155bf89725a858fbd0d376c9e"
    },
    {
      "id": "0x021fe5bb88a6b7477f8c109949d9c820262aabd696309eeb9b0aa5ce5453b6da:28087732046859006999751804497356055986868901560968617424839829774732709776169:1777607020:BUY",
      "timestamp": 1777607020,
      "user": {
        "id": "0x64f38c96fa1c04b30f91364ed0f4f143fbac34b6"
      },
      "market": {
        "question": "Will Chun Jae-soo win the 2026 Busan Mayoral Election?"
      },
      "outcomeIndex": 0,
      "outcome": "Yes",
      "amountUSD": "264.00",
      "size": 400,
      "price": 0.66,
      "type": "BUY",
      "slug": "will-chun-jae-soo-win-the-2026-busan-mayoral-election",
      "eventSlug": "2026-busan-mayoral-election-winner",
      "transactionHash": "0x021fe5bb88a6b7477f8c109949d9c820262aabd696309eeb9b0aa5ce5453b6da"
    },
    {
      "id": "0x5e4d20da3c254dff419d0b025f4f19437bd344d5c30b6ee7cd00b1b14f1b7e53:88328481055294658708493622253380435538964417444507704511843156395940219335565:1777607020:BUY",
      "timestamp": 1777607020,
      "user": {
        "id": "0xe8dd7741ccb12350957ec71e9ee332e0d1e6ec86"
      },
      "market": {
        "question": "Will Kim Do-eup win the 2026 Busan Mayoral Election?"
      },
      "outcomeIndex": 1,
      "outcome": "No",
      "amountUSD": "302.76",
      "size": 303.085,
      "price": 0.9989266542389099,
      "type": "BUY",
      "slug": "will-kim-do-eup-win-the-2026-busan-mayoral-election",
      "eventSlug": "2026-busan-mayoral-election-winner",
      "transactionHash": "0x5e4d20da3c254dff419d0b025f4f19437bd344d5c30b6ee7cd00b1b14f1b7e53"
    },
    {
      "id": "0x8d4838b86ddf2ba5bbe218f285cb7b239503db5db97324001ea02890d1f7df44:9308704994510491528343928150193907734421048518486164176070048417320439276352:1777607020:BUY",
      "timestamp": 1777607020,
      "user": {
        "id": "0xe8dd7741ccb12350957ec71e9ee332e0d1e6ec86"
      },
      "market": {
        "question": "Will Kim Young-choon win the 2026 Busan Mayoral Election?"
      },
      "outcomeIndex": 1,
      "outcome": "No",
      "amountUSD": "302.76",
      "size": 303.063,
      "price": 0.999,
      "type": "BUY",
      "slug": "will-kim-young-choon-win-the-2026-busan-mayoral-election",
      "eventSlug": "2026-busan-mayoral-election-winner",
      "transactionHash": "0x8d4838b86ddf2ba5bbe218f285cb7b239503db5db97324001ea02890d1f7df44"
    },
    {
      "id": "0x2617741988af733faa771bb255ac9eb574fc7679629cd364b72ffcccab548854:10297689793491784325438045568713790840517343988671532353199626133676287990772:1777607020:BUY",
      "timestamp": 1777607020,
      "user": {
        "id": "0xe8dd7741ccb12350957ec71e9ee332e0d1e6ec86"
      },
      "market": {
        "question": "Will Park Seong-hoon win the 2026 Busan Mayoral Election?"
      },
      "outcomeIndex": 1,
      "outcome": "No",
      "amountUSD": "302.76",
      "size": 303.063,
      "price": 0.999,
      "type": "BUY",
      "slug": "will-park-seong-hoon-win-the-2026-busan-mayoral-election",
      "eventSlug": "2026-busan-mayoral-election-winner",
      "transactionHash": "0x2617741988af733faa771bb255ac9eb574fc7679629cd364b72ffcccab548854"
    },
    {
      "id": "0x94ca474209f8a1c0a37e54a0326e286170c4d70d3757e47a397d4ca5981c0a77:78137573568334498893020381413465296791138236790987465804244079367321264995318:1777607020:BUY",
      "timestamp": 1777607020,
      "user": {
        "id": "0xe8dd7741ccb12350957ec71e9ee332e0d1e6ec86"
      },
      "market": {
        "question": "Will Suh Byung-soo win the 2026 Busan Mayoral Election?"
      },
      "outcomeIndex": 1,
      "outcome": "No",
      "amountUSD": "302.46",
      "size": 303.066,
      "price": 0.998,
      "type": "BUY",
      "slug": "will-suh-byung-soo-win-the-2026-busan-mayoral-election",
      "eventSlug": "2026-busan-mayoral-election-winner",
      "transactionHash": "0x94ca474209f8a1c0a37e54a0326e286170c4d70d3757e47a397d4ca5981c0a77"
    },
    {
      "id": "0x80ca4fcf430978fdfc6ac40dd8cb48757493c8becf01e6a433e15344ed7cc67f:39793615854295906425533261691726440286581130805412049738945986781012944488255:1777607020:BUY",
      "timestamp": 1777607020,
      "user": {
        "id": "0xe8dd7741ccb12350957ec71e9ee332e0d1e6ec86"
      },
      "market": {
        "question": "Will Hong Soon-heon win the 2026 Busan Mayoral Election?"
      },
      "outcomeIndex": 1,
      "outcome": "No",
      "amountUSD": "302.76",
      "size": 303.063,
      "price": 0.999,
      "type": "BUY",
      "slug": "will-hong-soon-heon-win-the-2026-busan-mayoral-election",
      "eventSlug": "2026-busan-mayoral-election-winner",
      "transactionHash": "0x80ca4fcf430978fdfc6ac40dd8cb48757493c8becf01e6a433e15344ed7cc67f"
    },
    {
      "id": "0xfade37cac1c0363ef3ede42ffce30eeb32134585eacfce0898da594947025fcf:70159137427026609125099792050998248097028715646852998976788784780282949372046:1777607020:BUY",
      "timestamp": 1777607020,
      "user": {
        "id": "0xe8dd7741ccb12350957ec71e9ee332e0d1e6ec86"
      },
      "market": {
        "question": "Will Lee Jae-sung win the 2026 Busan Mayoral Election?"
      },
      "outcomeIndex": 1,
      "outcome": "No",
      "amountUSD": "302.76",
      "size": 303.063,
      "price": 0.999,
      "type": "BUY",
      "slug": "will-lee-jae-sung-win-the-2026-busan-mayoral-election",
      "eventSlug": "2026-busan-mayoral-election-winner",
      "transactionHash": "0xfade37cac1c0363ef3ede42ffce30eeb32134585eacfce0898da594947025fcf"
    },
    {
      "id": "0xec60c3194887d290c11c04fb3ca9da4a2ea10a1993699f7765d2e1918a5796e4:98407575783085703531022278507008740584079911593768215347432096734423136060959:1777607020:BUY",
      "timestamp": 1777607020,
      "user": {
        "id": "0xe8dd7741ccb12350957ec71e9ee332e0d1e6ec86"
      },
      "market": {
        "question": "Will Choi In-ho win the 2026 Busan Mayoral Election?"
      },
      "outcomeIndex": 1,
      "outcome": "No",
      "amountUSD": "302.46",
      "size": 303.066,
      "price": 0.998,
      "type": "BUY",
      "slug": "will-choi-in-ho-win-the-2026-busan-mayoral-election",
      "eventSlug": "2026-busan-mayoral-election-winner",
      "transactionHash": "0xec60c3194887d290c11c04fb3ca9da4a2ea10a1993699f7765d2e1918a5796e4"
    },
    {
      "id": "0x66abc58e811ccb0deb41572e9f48b8896a2a748a2c3fb8f470bc00dfe0176aba:37072820737673550545982947499525351299052704677011952299848670736862285050132:1777607018:SELL",
      "timestamp": 1777607018,
      "user": {
        "id": "0x4b34acb99cb6f3dfc814bed047ee82b93c23c545"
      },
      "market": {
        "question": "Nuggets vs. Timberwolves"
      },
      "outcomeIndex": 1,
      "outcome": "Timberwolves",
      "amountUSD": "781.39",
      "size": 1627.9,
      "price": 0.48,
      "type": "SELL",
      "slug": "nba-den-min-2026-04-30",
      "eventSlug": "nba-den-min-2026-04-30",
      "transactionHash": "0x66abc58e811ccb0deb41572e9f48b8896a2a748a2c3fb8f470bc00dfe0176aba"
    },
    {
      "id": "0x0a7dd488d950ad6a55901ef8c03e075be44eef5aacf0a4f45d19972250756692:49500299856831034491021962156746701298730459370557900271970866855042624695770:1777607018:SELL",
      "timestamp": 1777607018,
      "user": {
        "id": "0xdffd735c10231b280742801f7ff0f3366e35924f"
      },
      "market": {
        "question": "Will the Oklahoma City Thunder win the 2026 NBA Finals?"
      },
      "outcomeIndex": 0,
      "outcome": "Yes",
      "amountUSD": "500.00",
      "size": 961.53,
      "price": 0.52,
      "type": "SELL",
      "slug": "will-the-oklahoma-city-thunder-win-the-2026-nba-finals",
      "eventSlug": "2026-nba-champion",
      "transactionHash": "0x0a7dd488d950ad6a55901ef8c03e075be44eef5aacf0a4f45d19972250756692"
    },
    {
      "id": "0xec5b7417ea821300b000bf4859a97b481ffaf4c955a1d850a957a74119b02b71:53046270707153940006711749413782086897661354198251914433809391329299248838983:1777607018:BUY",
      "timestamp": 1777607018,
      "user": {
        "id": "0x8273db9b5b6f53ed30c332ed5649a980a7ae42b1"
      },
      "market": {
        "question": "XRP Up or Down - April 30, 11:30PM-11:45PM ET"
      },
      "outcomeIndex": 1,
      "outcome": "Down",
      "amountUSD": "161.37",
      "size": 163,
      "price": 0.99,
      "type": "BUY",
      "slug": "xrp-updown-15m-1777606200",
      "eventSlug": "xrp-updown-15m-1777606200",
      "transactionHash": "0xec5b7417ea821300b000bf4859a97b481ffaf4c955a1d850a957a74119b02b71"
    },
    {
      "id": "0x675f6f18c200ddd0d70946c4eee11defd69a5fcc02713d7ca1a426d23ce17546:70341068038520486946565195150910437958748116921028236608831513405970496222536:1777607018:BUY",
      "timestamp": 1777607018,
      "user": {
        "id": "0x16ebdb702e19553e2755bbd218078dd577be137a"
      },
      "market": {
        "question": "Bitcoin above 78,200 on May 1, 12AM ET?"
      },
      "outcomeIndex": 1,
      "outcome": "No",
      "amountUSD": "219.77",
      "size": 219.99,
      "price": 0.999,
      "type": "BUY",
      "slug": "bitcoin-above-78200-on-may-1-2026-12am-et",
      "eventSlug": "bitcoin-above-on-may-1-2026-12am-et",
      "transactionHash": "0x675f6f18c200ddd0d70946c4eee11defd69a5fcc02713d7ca1a426d23ce17546"
    },
    {
      "id": "0x3ef4c5fb948d9721befc335a3a16b937f582012718ae79a2ba506d49ebeedc78:41054916495347957510087691174345858426588337259427885853416998968409113903196:1777607018:BUY",
      "timestamp": 1777607018,
      "user": {
        "id": "0x15d4c8e4a4aafe0fe534c95eb7376e719247b79f"
      },
      "market": {
        "question": "Nuggets vs. Timberwolves"
      },
      "outcomeIndex": 0,
      "outcome": "Nuggets",
      "amountUSD": "110.00",
      "size": 211.53846,
      "price": 0.5199999990545454,
      "type": "BUY",
      "slug": "nba-den-min-2026-04-30",
      "eventSlug": "nba-den-min-2026-04-30",
      "transactionHash": "0x3ef4c5fb948d9721befc335a3a16b937f582012718ae79a2ba506d49ebeedc78"
    },
    {
      "id": "0x3a2c5e1950b4ac2cb97885d255e61875ee2f1a3bc347d42243b2b20eec5a200b:84095293813293852486357602606048386507591460335706798271998543834668723932068:1777607016:SELL",
      "timestamp": 1777607016,
      "user": {
        "id": "0x15635d9d69aafa59432772f2829711c754581877"
      },
      "market": {
        "question": "Will Matt Gaetz win the 2028 Republican presidential nomination?"
      },
      "outcomeIndex": 1,
      "outcome": "No",
      "amountUSD": "1461.90",
      "size": 1473.69,
      "price": 0.992,
      "type": "SELL",
      "slug": "will-matt-gaetz-win-the-2028-republican-presidential-nomination",
      "eventSlug": "republican-presidential-nominee-2028",
      "transactionHash": "0x3a2c5e1950b4ac2cb97885d255e61875ee2f1a3bc347d42243b2b20eec5a200b"
    },
    {
      "id": "0x61fbcec07cf214bc066d8894a230b9a853ef5e7afe70e51b1a4ad7ab883423ae:43306201559293677467902878784200227711843675662189772539825649733291552996303:1777607016:BUY",
      "timestamp": 1777607016,
      "user": {
        "id": "0x5eda0d6cb641a76098e5cb3c9c76e57f3ecd92a7"
      },
      "market": {
        "question": "Trump announces end of military operations against Iran by April 30th?"
      },
      "outcomeIndex": 1,
      "outcome": "No",
      "amountUSD": "315.15",
      "size": 330,
      "price": 0.955,
      "type": "BUY",
      "slug": "trump-announces-end-of-military-operations-against-iran-by-april-30th-753-882-164-769-641-926-643",
      "eventSlug": "trump-announces-end-of-military-operations-against-iran-by",
      "transactionHash": "0x61fbcec07cf214bc066d8894a230b9a853ef5e7afe70e51b1a4ad7ab883423ae"
    },
    {
      "id": "0xd3f2fdbe97951915a0870720e5d114eca6c6e696d0f80a3029c3e6c4648f37fe:41054916495347957510087691174345858426588337259427885853416998968409113903196:1777607016:BUY",
      "timestamp": 1777607016,
      "user": {
        "id": "0x7304775cb962ae631df21e083b4e0fc2ac537ab3"
      },
      "market": {
        "question": "Nuggets vs. Timberwolves"
      },
      "outcomeIndex": 0,
      "outcome": "Nuggets",
      "amountUSD": "300.00",
      "size": 576.923075,
      "price": 0.52,
      "type": "BUY",
      "slug": "nba-den-min-2026-04-30",
      "eventSlug": "nba-den-min-2026-04-30",
      "transactionHash": "0xd3f2fdbe97951915a0870720e5d114eca6c6e696d0f80a3029c3e6c4648f37fe"
    },
    {
      "id": "0x4c910591e5665bffdf419b938554cf248507ceb75871fa06683f364e6f54bc85:7580975321366454474007645151412811062279213271191689062391148389493921107907:1777607016:BUY",
      "timestamp": 1777607016,
      "user": {
        "id": "0x33ebcafa08b9a105a80dc2facb2f00fca64c025a"
      },
      "market": {
        "question": "Spread: Pisa SC (-1.5)"
      },
      "outcomeIndex": 1,
      "outcome": "US Lecce",
      "amountUSD": "125.00",
      "size": 137.362633,
      "price": 0.9099999997816,
      "type": "BUY",
      "slug": "sea-pis-lec-2026-05-01-spread-home-1pt5",
      "eventSlug": "sea-pis-lec-2026-05-01-more-markets",
      "transactionHash": "0x4c910591e5665bffdf419b938554cf248507ceb75871fa06683f364e6f54bc85"
    },
    {
      "id": "0x623a76ad0498882f7f6e20c54c770ef347ca3825e9174bc3de186d94f8e0a67b:101648473638744190831155098937185456781169362012020488678589196861215102307763:1777607014:BUY",
      "timestamp": 1777607014,
      "user": {
        "id": "0x5b69fe7048a533847b4e3abe1b9eea261a91a6af"
      },
      "market": {
        "question": "Ethereum Up or Down - April 30, 8:00PM-12:00AM ET"
      },
      "outcomeIndex": 0,
      "outcome": "Up",
      "amountUSD": "149.40",
      "size": 150,
      "price": 0.996,
      "type": "BUY",
      "slug": "eth-updown-4h-1777593600",
      "eventSlug": "eth-updown-4h-1777593600",
      "transactionHash": "0x623a76ad0498882f7f6e20c54c770ef347ca3825e9174bc3de186d94f8e0a67b"
    },
    {
      "id": "0x2e08fc2eeb1fec4b1a20853f314b6ffcc57559558e8300405f34bb8bfecf3969:58810786777321513363846414454861640178757050190343488335593487513532279799315:1777607014:BUY",
      "timestamp": 1777607014,
      "user": {
        "id": "0x3c760e45728e0cb4b68c52980a070314b95fd4ee"
      },
      "market": {
        "question": "US bank failure by April 30?"
      },
      "outcomeIndex": 1,
      "outcome": "No",
      "amountUSD": "1986.02",
      "size": 1990,
      "price": 0.998,
      "type": "BUY",
      "slug": "us-bank-failure-by-april-30",
      "eventSlug": "us-bank-failure-by-april-30",
      "transactionHash": "0x2e08fc2eeb1fec4b1a20853f314b6ffcc57559558e8300405f34bb8bfecf3969"
    },
    {
      "id": "0x8dd945263f71595634dc50e0e422b6c03297be8d028daf6f2ca98891e5dc972a:105661833938076784158167307763414073000325182187633954283290589114908891807534:1777607014:BUY",
      "timestamp": 1777607014,
      "user": {
        "id": "0x7734f02ae405576e0d3eeb59164d8c5f617c4193"
      },
      "market": {
        "question": "Will Mar\u00eda Corina Machado enter Venezuela by April 30?"
      },
      "outcomeIndex": 1,
      "outcome": "No",
      "amountUSD": "360.00",
      "size": 360.36,
      "price": 0.999,
      "type": "BUY",
      "slug": "will-mara-corina-machado-enter-venezuela-by-april-30",
      "eventSlug": "will-mara-corina-machado-enter-venezuela-by-january-31",
      "transactionHash": "0x8dd945263f71595634dc50e0e422b6c03297be8d028daf6f2ca98891e5dc972a"
    },
    {
      "id": "0x8b38dbc3d47cfde3e54b29b80fecc3b4b2c4aa5a1e5b0ff080d2e896c08e0b78:91654279459782700285030880702186010885362170180157997195869175981321159591151:1777607014:BUY",
      "timestamp": 1777607014,
      "user": {
        "id": "0xb42d74190bc230e667670554685e7e5df631f2a2"
      },
      "market": {
        "question": "Will Elon Musk win the 2028 Republican presidential nomination?"
      },
      "outcomeIndex": 1,
      "outcome": "No",
      "amountUSD": "231.00",
      "size": 233.3333,
      "price": 0.99,
      "type": "BUY",
      "slug": "will-elon-musk-win-the-2028-republican-presidential-nomination",
      "eventSlug": "republican-presidential-nominee-2028",
      "transactionHash": "0x8b38dbc3d47cfde3e54b29b80fecc3b4b2c4aa5a1e5b0ff080d2e896c08e0b78"
    },
    {
      "id": "0xc2563ecccc8045cf09eb913a4b6af9d9effee14680312d3c3326d035520f5f08:96641039706447830710669393792634262867269870568346516418337469133566417703053:1777607014:BUY",
      "timestamp": 1777607014,
      "user": {
        "id": "0x5b69fe7048a533847b4e3abe1b9eea261a91a6af"
      },
      "market": {
        "question": "Bitcoin Up or Down - April 30, 8:00PM-12:00AM ET"
      },
      "outcomeIndex": 0,
      "outcome": "Up",
      "amountUSD": "159.52",
      "size": 160,
      "price": 0.997,
      "type": "BUY",
      "slug": "btc-updown-4h-1777593600",
      "eventSlug": "btc-updown-4h-1777593600",
      "transactionHash": "0xc2563ecccc8045cf09eb913a4b6af9d9effee14680312d3c3326d035520f5f08"
    },
    {
      "id": "0x498d79f3691bc1aeb786e09266e49ce788975aa851ece1089a78ed6f5593eafe:32141604552590908965500741360436780388838312679464265639604226666001445112694:1777607012:BUY",
      "timestamp": 1777607012,
      "user": {
        "id": "0x83f95470fd3bb1a4100fbf2173a1aab729d76a45"
      },
      "market": {
        "question": "Will Cl\u00e9mentine Autain win the 2027 French presidential election?"
      },
      "outcomeIndex": 1,
      "outcome": "No",
      "amountUSD": "949.62",
      "size": 956.31,
      "price": 0.993,
      "type": "BUY",
      "slug": "will-clmentine-autain-win-the-2027-french-presidential-election",
      "eventSlug": "next-french-presidential-election",
      "transactionHash": "0x498d79f3691bc1aeb786e09266e49ce788975aa851ece1089a78ed6f5593eafe"
    },
    {
      "id": "0x1dffe9118ad4a5c02967e03e99c9edce9590dc2094f9d5e91d1e3dcbdeb377b0:9858445493903501648722765041195521587435370553699986326259923783724888628821:1777607012:BUY",
      "timestamp": 1777607012,
      "user": {
        "id": "0x958584479f49fdf119322cdfff42c9e40831e7bc"
      },
      "market": {
        "question": "Will Pete Hegseth win the 2028 Republican presidential nomination?"
      },
      "outcomeIndex": 1,
      "outcome": "No",
      "amountUSD": "785.02",
      "size": 789.76,
      "price": 0.994,
      "type": "BUY",
      "slug": "will-pete-hegseth-win-the-2028-republican-presidential-nomination",
      "eventSlug": "republican-presidential-nominee-2028",
      "transactionHash": "0x1dffe9118ad4a5c02967e03e99c9edce9590dc2094f9d5e91d1e3dcbdeb377b0"
    },
    {
      "id": "0x1f509a4e364d76aa1e3804de68d722ba29a5a0693b321ca303e216a79e985beb:53046270707153940006711749413782086897661354198251914433809391329299248838983:1777607012:BUY",
      "timestamp": 1777607012,
      "user": {
        "id": "0x8273db9b5b6f53ed30c332ed5649a980a7ae42b1"
      },
      "market": {
        "question": "XRP Up or Down - April 30, 11:30PM-11:45PM ET"
      },
      "outcomeIndex": 1,
      "outcome": "Down",
      "amountUSD": "111.87",
      "size": 113,
      "price": 0.99,
      "type": "BUY",
      "slug": "xrp-updown-15m-1777606200",
      "eventSlug": "xrp-updown-15m-1777606200",
      "transactionHash": "0x1f509a4e364d76aa1e3804de68d722ba29a5a0693b321ca303e216a79e985beb"
    },
    {
      "id": "0xdf4bc074661d75eaf63fa28d1020c4bac02fdd7692db478a65c1470f21a167e3:41054916495347957510087691174345858426588337259427885853416998968409113903196:1777607010:BUY",
      "timestamp": 1777607010,
      "user": {
        "id": "0x8101b9dedd1af262b2cb0a64f278d65695bbe7be"
      },
      "market": {
        "question": "Nuggets vs. Timberwolves"
      },
      "outcomeIndex": 0,
      "outcome": "Nuggets",
      "amountUSD": "2278.32",
      "size": 4467.3,
      "price": 0.51,
      "type": "BUY",
      "slug": "nba-den-min-2026-04-30",
      "eventSlug": "nba-den-min-2026-04-30",
      "transactionHash": "0xdf4bc074661d75eaf63fa28d1020c4bac02fdd7692db478a65c1470f21a167e3"
    },
    {
      "id": "0xa5265f43a76e80962584eb678f06280f88ed43c140e20c2e203fd146ef79f168:37072820737673550545982947499525351299052704677011952299848670736862285050132:1777607008:SELL",
      "timestamp": 1777607008,
      "user": {
        "id": "0x53757615de1c42b83f893b79d4241a009dc2aeea"
      },
      "market": {
        "question": "Nuggets vs. Timberwolves"
      },
      "outcomeIndex": 1,
      "outcome": "Timberwolves",
      "amountUSD": "303.14",
      "size": 659,
      "price": 0.46,
      "type": "SELL",
      "slug": "nba-den-min-2026-04-30",
      "eventSlug": "nba-den-min-2026-04-30",
      "transactionHash": "0xa5265f43a76e80962584eb678f06280f88ed43c140e20c2e203fd146ef79f168"
    },
    {
      "id": "0xee64579555d2eb01079c9aba4c1d1250997f84512ed0104c00028f6bc8462f94:108454314782663234202106507737971247011664315549298892731987280403600126632761:1777607008:BUY",
      "timestamp": 1777607008,
      "user": {
        "id": "0x765fa4c18dd7c3607cdcee7a87681747c2d51508"
      },
      "market": {
        "question": "LoL: T1 Academy vs Kiwoom DRX Challengers - Game 1 Winner"
      },
      "outcomeIndex": 0,
      "outcome": "T1 Academy",
      "amountUSD": "249.25",
      "size": 383.46,
      "price": 0.65,
      "type": "BUY",
      "slug": "lol-t1a-drxc-2026-05-01-game1",
      "eventSlug": "lol-t1a-drxc-2026-05-01",
      "transactionHash": "0xee64579555d2eb01079c9aba4c1d1250997f84512ed0104c00028f6bc8462f94"
    },
    {
      "id": "0x5178d9d4a08b2c46da83b8941de33008b1ebd858de8622a6e1fe1c1f04fa6bc3:9858445493903501648722765041195521587435370553699986326259923783724888628821:1777607008:BUY",
      "timestamp": 1777607008,
      "user": {
        "id": "0x270e2464143a0ccf1de06af9761421809cad3a64"
      },
      "market": {
        "question": "Will Pete Hegseth win the 2028 Republican presidential nomination?"
      },
      "outcomeIndex": 1,
      "outcome": "No",
      "amountUSD": "784.92",
      "size": 789.66,
      "price": 0.994,
      "type": "BUY",
      "slug": "will-pete-hegseth-win-the-2028-republican-presidential-nomination",
      "eventSlug": "republican-presidential-nominee-2028",
      "transactionHash": "0x5178d9d4a08b2c46da83b8941de33008b1ebd858de8622a6e1fe1c1f04fa6bc3"
    },
    {
      "id": "0x3c15aa47f7bac0e6a103c1d56bcd022c01e4d6280fdd3dfa0872e8434feb33eb:53046270707153940006711749413782086897661354198251914433809391329299248838983:1777607006:BUY",
      "timestamp": 1777607006,
      "user": {
        "id": "0x8273db9b5b6f53ed30c332ed5649a980a7ae42b1"
      },
      "market": {
        "question": "XRP Up or Down - April 30, 11:30PM-11:45PM ET"
      },
      "outcomeIndex": 1,
      "outcome": "Down",
      "amountUSD": "161.37",
      "size": 163,
      "price": 0.99,
      "type": "BUY",
      "slug": "xrp-updown-15m-1777606200",
      "eventSlug": "xrp-updown-15m-1777606200",
      "transactionHash": "0x3c15aa47f7bac0e6a103c1d56bcd022c01e4d6280fdd3dfa0872e8434feb33eb"
    },
    {
      "id": "0x879a49d4acb178785ad3cd5fc533fda2db6f30959548126f63e7d4a616d50467:41054916495347957510087691174345858426588337259427885853416998968409113903196:1777607006:SELL",
      "timestamp": 1777607006,
      "user": {
        "id": "0x7edb8d9e184f9747d6957dc3d54e1e8a0d6e7993"
      },
      "market": {
        "question": "Nuggets vs. Timberwolves"
      },
      "outcomeIndex": 0,
      "outcome": "Nuggets",
      "amountUSD": "106.00",
      "size": 200,
      "price": 0.53,
      "type": "SELL",
      "slug": "nba-den-min-2026-04-30",
      "eventSlug": "nba-den-min-2026-04-30",
      "transactionHash": "0x879a49d4acb178785ad3cd5fc533fda2db6f30959548126f63e7d4a616d50467"
    },
    {
      "id": "0x16c87b58ac8813635d10b4637a94ace42ed55f9a75b970e68fa30b1682837956:12498837739960058418149245908879984767384348584444341207866759696012770940607:1777607006:BUY",
      "timestamp": 1777607006,
      "user": {
        "id": "0x10b59d23af6f7e3885b04b885a8f243825dc652c"
      },
      "market": {
        "question": "Will Estonia win Eurovision 2026?"
      },
      "outcomeIndex": 1,
      "outcome": "No",
      "amountUSD": "241.00",
      "size": 241.4825,
      "price": 0.998,
      "type": "BUY",
      "slug": "will-estonia-win-eurovision-2026",
      "eventSlug": "eurovision-winner-2026",
      "transactionHash": "0x16c87b58ac8813635d10b4637a94ace42ed55f9a75b970e68fa30b1682837956"
    },
    {
      "id": "0xea58da8180dded6fe982bdcbe49c8bc96d24fb772a678947254647cfdac2cc33:47693008910364101608073058244327400854644539639601309376678882343364495995690:1777607004:BUY",
      "timestamp": 1777607004,
      "user": {
        "id": "0x92a6294cd55b9c6ccd57efaffc365ad943118b84"
      },
      "market": {
        "question": "Will Iran strike Dimona by April 30?"
      },
      "outcomeIndex": 1,
      "outcome": "No",
      "amountUSD": "134.72",
      "size": 134.98,
      "price": 0.998074085049637,
      "type": "BUY",
      "slug": "will-iran-strike-dimona-by-april-30",
      "eventSlug": "what-will-iran-conduct-military-action-against-by-april-30",
      "transactionHash": "0xea58da8180dded6fe982bdcbe49c8bc96d24fb772a678947254647cfdac2cc33"
    },
    {
      "id": "0xce0ceb81ab1dfeb96866efdd71801cc01c72f9e7990b206fd1a994d89a8314fc:37072820737673550545982947499525351299052704677011952299848670736862285050132:1777607004:BUY",
      "timestamp": 1777607004,
      "user": {
        "id": "0xa38a455bbdd4b68486548b7e19da99903f4f821d"
      },
      "market": {
        "question": "Nuggets vs. Timberwolves"
      },
      "outcomeIndex": 1,
      "outcome": "Timberwolves",
      "amountUSD": "564.59",
      "size": 1313,
      "price": 0.43,
      "type": "BUY",
      "slug": "nba-den-min-2026-04-30",
      "eventSlug": "nba-den-min-2026-04-30",
      "transactionHash": "0xce0ceb81ab1dfeb96866efdd71801cc01c72f9e7990b206fd1a994d89a8314fc"
    },
    {
      "id": "0x0b0e401b4c333dd193f86b693eedba69c15e669af82c67c6740897225e29324b:37072820737673550545982947499525351299052704677011952299848670736862285050132:1777607004:BUY",
      "timestamp": 1777607004,
      "user": {
        "id": "0x6db568e61e5e3de7d87f831431b673f38ce2e279"
      },
      "market": {
        "question": "Nuggets vs. Timberwolves"
      },
      "outcomeIndex": 1,
      "outcome": "Timberwolves",
      "amountUSD": "1273.87",
      "size": 2876.4,
      "price": 0.44287025448477263,
      "type": "BUY",
      "slug": "nba-den-min-2026-04-30",
      "eventSlug": "nba-den-min-2026-04-30",
      "transactionHash": "0x0b0e401b4c333dd193f86b693eedba69c15e669af82c67c6740897225e29324b"
    },
    {
      "id": "0x5d9dbd3ea52ee8ef4b93ce38f14c8102fff71f987d8fb9d221934c7539789abb:37072820737673550545982947499525351299052704677011952299848670736862285050132:1777607004:BUY",
      "timestamp": 1777607004,
      "user": {
        "id": "0x65503c7f9e142ac88b1ce09df3363ff77f188451"
      },
      "market": {
        "question": "Nuggets vs. Timberwolves"
      },
      "outcomeIndex": 1,
      "outcome": "Timberwolves",
      "amountUSD": "445.05",
      "size": 1035,
      "price": 0.43,
      "type": "BUY",
      "slug": "nba-den-min-2026-04-30",
      "eventSlug": "nba-den-min-2026-04-30",
      "transactionHash": "0x5d9dbd3ea52ee8ef4b93ce38f14c8102fff71f987d8fb9d221934c7539789abb"
    },
    {
      "id": "0x2a7d0c13990578cd63fe7dd78734a50590687807ee29fc1151442cb2b27f3608:32052744471598827684494700892810231559635683191548365294904407828245420013364:1777607002:BUY",
      "timestamp": 1777607002,
      "user": {
        "id": "0x21c52a310ce110d58270e2d5a9676c217a5e3533"
      },
      "market": {
        "question": "Will Bitcoin reach $82,000 April 27-May 3?"
      },
      "outcomeIndex": 1,
      "outcome": "No",
      "amountUSD": "408.92",
      "size": 422,
      "price": 0.969,
      "type": "BUY",
      "slug": "will-bitcoin-reach-82k-april-27-may-3",
      "eventSlug": "what-price-will-bitcoin-hit-april-27-may-3",
      "transactionHash": "0x2a7d0c13990578cd63fe7dd78734a50590687807ee29fc1151442cb2b27f3608"
    },
    {
      "id": "0xf325427afdef1fbcf62497fb5052a6874c79c37b23e00db1712eb22fa38701e6:53046270707153940006711749413782086897661354198251914433809391329299248838983:1777607002:BUY",
      "timestamp": 1777607002,
      "user": {
        "id": "0x8273db9b5b6f53ed30c332ed5649a980a7ae42b1"
      },
      "market": {
        "question": "XRP Up or Down - April 30, 11:30PM-11:45PM ET"
      },
      "outcomeIndex": 1,
      "outcome": "Down",
      "amountUSD": "161.37",
      "size": 163,
      "price": 0.99,
      "type": "BUY",
      "slug": "xrp-updown-15m-1777606200",
      "eventSlug": "xrp-updown-15m-1777606200",
      "transactionHash": "0xf325427afdef1fbcf62497fb5052a6874c79c37b23e00db1712eb22fa38701e6"
    },
    {
      "id": "0x756c9590cc8dac7f33586fcbdcb75fa1ddb486ef649f10ec68f30aa00b4ba33b:9858445493903501648722765041195521587435370553699986326259923783724888628821:1777607002:BUY",
      "timestamp": 1777607002,
      "user": {
        "id": "0x44a5a88430131bd49950bd66429fbe7c4a4f3c28"
      },
      "market": {
        "question": "Will Pete Hegseth win the 2028 Republican presidential nomination?"
      },
      "outcomeIndex": 1,
      "outcome": "No",
      "amountUSD": "784.58",
      "size": 789.32,
      "price": 0.994,
      "type": "BUY",
      "slug": "will-pete-hegseth-win-the-2028-republican-presidential-nomination",
      "eventSlug": "republican-presidential-nominee-2028",
      "transactionHash": "0x756c9590cc8dac7f33586fcbdcb75fa1ddb486ef649f10ec68f30aa00b4ba33b"
    },
    {
      "id": "0xfc37752f0f1acc1ed6b55e91d6e7580d2b4b1d61d27295d730b38d2f8529cded:41054916495347957510087691174345858426588337259427885853416998968409113903196:1777607002:BUY",
      "timestamp": 1777607002,
      "user": {
        "id": "0x720e5fe769290726682fe170adfe9f5a4e8017b0"
      },
      "market": {
        "question": "Nuggets vs. Timberwolves"
      },
      "outcomeIndex": 0,
      "outcome": "Nuggets",
      "amountUSD": "114.00",
      "size": 200,
      "price": 0.57,
      "type": "BUY",
      "slug": "nba-den-min-2026-04-30",
      "eventSlug": "nba-den-min-2026-04-30",
      "transactionHash": "0xfc37752f0f1acc1ed6b55e91d6e7580d2b4b1d61d27295d730b38d2f8529cded"
    },
    {
      "id": "0x1cb156d4ffbc50ca735fe4e2f81c86e0edbc73134042f3fe732d970f6a5e4121:41054916495347957510087691174345858426588337259427885853416998968409113903196:1777607002:BUY",
      "timestamp": 1777607002,
      "user": {
        "id": "0x8101b9dedd1af262b2cb0a64f278d65695bbe7be"
      },
      "market": {
        "question": "Nuggets vs. Timberwolves"
      },
      "outcomeIndex": 0,
      "outcome": "Nuggets",
      "amountUSD": "128.50",
      "size": 225.43,
      "price": 0.57,
      "type": "BUY",
      "slug": "nba-den-min-2026-04-30",
      "eventSlug": "nba-den-min-2026-04-30",
      "transactionHash": "0x1cb156d4ffbc50ca735fe4e2f81c86e0edbc73134042f3fe732d970f6a5e4121"
    },
    {
      "id": "0xc1f72e943baab372d997b5eda177b6e863091346056cd774bb8d909ecc892034:41054916495347957510087691174345858426588337259427885853416998968409113903196:1777607002:SELL",
      "timestamp": 1777607002,
      "user": {
        "id": "0xffdcf045def321b1916b717868e6fadc95ccce87"
      },
      "market": {
        "question": "Nuggets vs. Timberwolves"
      },
      "outcomeIndex": 0,
      "outcome": "Nuggets",
      "amountUSD": "136.47",
      "size": 243.69,
      "price": 0.56,
      "type": "SELL",
      "slug": "nba-den-min-2026-04-30",
      "eventSlug": "nba-den-min-2026-04-30",
      "transactionHash": "0xc1f72e943baab372d997b5eda177b6e863091346056cd774bb8d909ecc892034"
    },
    {
      "id": "0xc2c14849f4ab2febeaa72748e957b03f25a74be4ff258da66cbcdecf481b7194:3362128328192362881280281787785229051841822288253557632012869670911002682682:1777607000:BUY",
      "timestamp": 1777607000,
      "user": {
        "id": "0xe7d8662c377787f862b7f40ac2006e059d830877"
      },
      "market": {
        "question": "Bitcoin above 78,600 on May 1, 12AM ET?"
      },
      "outcomeIndex": 1,
      "outcome": "No",
      "amountUSD": "111.59",
      "size": 111.7,
      "price": 0.999,
      "type": "BUY",
      "slug": "bitcoin-above-78600-on-may-1-2026-12am-et",
      "eventSlug": "bitcoin-above-on-may-1-2026-12am-et",
      "transactionHash": "0xc2c14849f4ab2febeaa72748e957b03f25a74be4ff258da66cbcdecf481b7194"
    },
    {
      "id": "0x1e4371fceb08389d8c1e3914afc1db84750916abfde2ca46528d2a7e5311cc3c:41054916495347957510087691174345858426588337259427885853416998968409113903196:1777607000:BUY",
      "timestamp": 1777607000,
      "user": {
        "id": "0x84cfffc3f16dcc353094de30d4a45226eccd2f63"
      },
      "market": {
        "question": "Nuggets vs. Timberwolves"
      },
      "outcomeIndex": 0,
      "outcome": "Nuggets",
      "amountUSD": "147.76",
      "size": 263.86,
      "price": 0.56,
      "type": "BUY",
      "slug": "nba-den-min-2026-04-30",
      "eventSlug": "nba-den-min-2026-04-30",
      "transactionHash": "0x1e4371fceb08389d8c1e3914afc1db84750916abfde2ca46528d2a7e5311cc3c"
    },
    {
      "id": "0xf3a5da06b748ce700b419aeeefc1e5cf63c9c2702f88d2fc1255873f5fe977a8:41054916495347957510087691174345858426588337259427885853416998968409113903196:1777607000:BUY",
      "timestamp": 1777607000,
      "user": {
        "id": "0x84cfffc3f16dcc353094de30d4a45226eccd2f63"
      },
      "market": {
        "question": "Nuggets vs. Timberwolves"
      },
      "outcomeIndex": 0,
      "outcome": "Nuggets",
      "amountUSD": "369.41",
      "size": 659.66,
      "price": 0.56,
      "type": "BUY",
      "slug": "nba-den-min-2026-04-30",
      "eventSlug": "nba-den-min-2026-04-30",
      "transactionHash": "0xf3a5da06b748ce700b419aeeefc1e5cf63c9c2702f88d2fc1255873f5fe977a8"
    },
    {
      "id": "0xde1d5756a2173a678f11686efe7e7adec06fe999d3503a2561077545cb728aaa:101648473638744190831155098937185456781169362012020488678589196861215102307763:1777606998:BUY",
      "timestamp": 1777606998,
      "user": {
        "id": "0x5b69fe7048a533847b4e3abe1b9eea261a91a6af"
      },
      "market": {
        "question": "Ethereum Up or Down - April 30, 8:00PM-12:00AM ET"
      },
      "outcomeIndex": 0,
      "outcome": "Up",
      "amountUSD": "149.25",
      "size": 150,
      "price": 0.995,
      "type": "BUY",
      "slug": "eth-updown-4h-1777593600",
      "eventSlug": "eth-updown-4h-1777593600",
      "transactionHash": "0xde1d5756a2173a678f11686efe7e7adec06fe999d3503a2561077545cb728aaa"
    },
    {
      "id": "0x1f73da46374bd6c6f87aa48d286970514fa7d43029f3b5c78e21c74eac46d801:9858445493903501648722765041195521587435370553699986326259923783724888628821:1777606998:BUY",
      "timestamp": 1777606998,
      "user": {
        "id": "0xd64df5ca56f60769768d0c0986d2b88b9fa5e08e"
      },
      "market": {
        "question": "Will Pete Hegseth win the 2028 Republican presidential nomination?"
      },
      "outcomeIndex": 1,
      "outcome": "No",
      "amountUSD": "784.52",
      "size": 789.26,
      "price": 0.994,
      "type": "BUY",
      "slug": "will-pete-hegseth-win-the-2028-republican-presidential-nomination",
      "eventSlug": "republican-presidential-nominee-2028",
      "transactionHash": "0x1f73da46374bd6c6f87aa48d286970514fa7d43029f3b5c78e21c74eac46d801"
    },
    {
      "id": "0x500147690ac839f4a1fe5b839d086f3a16c0e11178cf294c02a0ca29e5de7cc4:53046270707153940006711749413782086897661354198251914433809391329299248838983:1777606996:BUY",
      "timestamp": 1777606996,
      "user": {
        "id": "0x8273db9b5b6f53ed30c332ed5649a980a7ae42b1"
      },
      "market": {
        "question": "XRP Up or Down - April 30, 11:30PM-11:45PM ET"
      },
      "outcomeIndex": 1,
      "outcome": "Down",
      "amountUSD": "161.37",
      "size": 163,
      "price": 0.99,
      "type": "BUY",
      "slug": "xrp-updown-15m-1777606200",
      "eventSlug": "xrp-updown-15m-1777606200",
      "transactionHash": "0x500147690ac839f4a1fe5b839d086f3a16c0e11178cf294c02a0ca29e5de7cc4"
    },
    {
      "id": "0x6ad575c931170d48f11187267259f8e55616d192b3ed065694abb955d0b62c3e:96641039706447830710669393792634262867269870568346516418337469133566417703053:1777606996:BUY",
      "timestamp": 1777606996,
      "user": {
        "id": "0x5b69fe7048a533847b4e3abe1b9eea261a91a6af"
      },
      "market": {
        "question": "Bitcoin Up or Down - April 30, 8:00PM-12:00AM ET"
      },
      "outcomeIndex": 0,
      "outcome": "Up",
      "amountUSD": "159.52",
      "size": 160,
      "price": 0.997,
      "type": "BUY",
      "slug": "btc-updown-4h-1777593600",
      "eventSlug": "btc-updown-4h-1777593600",
      "transactionHash": "0x6ad575c931170d48f11187267259f8e55616d192b3ed065694abb955d0b62c3e"
    },
    {
      "id": "0x0e696661df1a2d980fad8cda5e2ad856f1f8cf6b39488b80d7e076728f2f8acc:115244086768882877525516513397533392349337694963923162013382920248577349413134:1777606994:BUY",
      "timestamp": 1777606994,
      "user": {
        "id": "0x10c625c7a86691d51bea22d30e86492d2f0119b6"
      },
      "market": {
        "question": "Will Crude Oil (CL) hit (HIGH) $120 by end of June?"
      },
      "outcomeIndex": 1,
      "outcome": "No",
      "amountUSD": "336.00",
      "size": 800,
      "price": 0.42,
      "type": "BUY",
      "slug": "will-crude-oil-cl-hit-high-120-by-end-of-june-949-198-741-748",
      "eventSlug": "cl-hit-jun-2026",
      "transactionHash": "0x0e696661df1a2d980fad8cda5e2ad856f1f8cf6b39488b80d7e076728f2f8acc"
    },
    {
      "id": "0x5a8769e5f17fd0a879bc2a61226e5e08a7d6d9bbd1143687bcec09ee2e34f1cf:37072820737673550545982947499525351299052704677011952299848670736862285050132:1777606994:BUY",
      "timestamp": 1777606994,
      "user": {
        "id": "0x2a2c53bd278c04da9962fcf96490e17f3dfb9bc1"
      },
      "market": {
        "question": "Nuggets vs. Timberwolves"
      },
      "outcomeIndex": 1,
      "outcome": "Timberwolves",
      "amountUSD": "840.00",
      "size": 2000,
      "price": 0.42,
      "type": "BUY",
      "slug": "nba-den-min-2026-04-30",
      "eventSlug": "nba-den-min-2026-04-30",
      "transactionHash": "0x5a8769e5f17fd0a879bc2a61226e5e08a7d6d9bbd1143687bcec09ee2e34f1cf"
    },
    {
      "id": "0xf589041be8e703cc0912e13479b7fab6aaf51c16676deea91f5a05fc95285832:67479120260568080480567989316893622751579317884508160224361114712553220075235:1777606992:SELL",
      "timestamp": 1777606992,
      "user": {
        "id": "0xf8977bb68c8a6f33f294349b118962fc1e53562d"
      },
      "market": {
        "question": "Will Ya\u00ebl Braun-Pivet win the 2027 French presidential election?"
      },
      "outcomeIndex": 1,
      "outcome": "No",
      "amountUSD": "185.13",
      "size": 186.06,
      "price": 0.995,
      "type": "SELL",
      "slug": "will-yal-braun-pivet-win-the-2027-french-presidential-election",
      "eventSlug": "next-french-presidential-election",
      "transactionHash": "0xf589041be8e703cc0912e13479b7fab6aaf51c16676deea91f5a05fc95285832"
    },
    {
      "id": "0xabe78266205e464f9028a8b69581af42f25710195959de5b63e3af0b64ed8728:39851342256995271316398351958294727804745727597917665346336707113832049761774:1777606992:BUY",
      "timestamp": 1777606992,
      "user": {
        "id": "0x92a6294cd55b9c6ccd57efaffc365ad943118b84"
      },
      "market": {
        "question": "Will Iran strike Khurais Field by April 30?"
      },
      "outcomeIndex": 1,
      "outcome": "No",
      "amountUSD": "283.76",
      "size": 284.14,
      "price": 0.9986480608150912,
      "type": "BUY",
      "slug": "will-iran-strike-khurais-field-by-april-30",
      "eventSlug": "what-will-iran-conduct-military-action-against-by-april-30",
      "transactionHash": "0xabe78266205e464f9028a8b69581af42f25710195959de5b63e3af0b64ed8728"
    },
    {
      "id": "0x49fff7a8a8b3e0271c849c994f29e51b1206ff7ad420858629fe8be6d007ca45:1910830010387565971650098373488592514702818137344973088263643820608151819241:1777606992:BUY",
      "timestamp": 1777606992,
      "user": {
        "id": "0x45e856f0023259664606b6c370e82d072b24cc6c"
      },
      "market": {
        "question": "Will the U.S. invade Iran before 2027?"
      },
      "outcomeIndex": 1,
      "outcome": "No",
      "amountUSD": "268.00",
      "size": 400,
      "price": 0.67,
      "type": "BUY",
      "slug": "will-the-us-invade-iran-before-2027",
      "eventSlug": "will-the-us-invade-iran-before-2027",
      "transactionHash": "0x49fff7a8a8b3e0271c849c994f29e51b1206ff7ad420858629fe8be6d007ca45"
    },
    {
      "id": "0x9fbe30921a7673a485342bc48a6c69b8d72ecd72a579143f588e5a78830c6942:104961577435579037964061826980546317870125070860257203091653144102368818418929:1777606990:BUY",
      "timestamp": 1777606990,
      "user": {
        "id": "0x92a6294cd55b9c6ccd57efaffc365ad943118b84"
      },
      "market": {
        "question": "Will Iran strike Ruwais Refinery by April 30?"
      },
      "outcomeIndex": 1,
      "outcome": "No",
      "amountUSD": "235.39",
      "size": 235.83,
      "price": 0.9981289064156383,
      "type": "BUY",
      "slug": "will-iran-strike-ruwais-refinery-by-april-30",
      "eventSlug": "what-will-iran-conduct-military-action-against-by-april-30",
      "transactionHash": "0x9fbe30921a7673a485342bc48a6c69b8d72ecd72a579143f588e5a78830c6942"
    },
    {
      "id": "0x32ee4b2421a60886b96c8589a56274e6a9ea6117e463f61c7ed14baad0dd38c8:10045715994689986911519204443497280398030604755274620559564928449982716474963:1777606990:BUY",
      "timestamp": 1777606990,
      "user": {
        "id": "0x3c760e45728e0cb4b68c52980a070314b95fd4ee"
      },
      "market": {
        "question": "Israel military action on Damascus by April 30, 2026?"
      },
      "outcomeIndex": 1,
      "outcome": "No",
      "amountUSD": "423.20",
      "size": 424.05,
      "price": 0.998,
      "type": "BUY",
      "slug": "israel-military-action-on-damascus-by-april-30-2026",
      "eventSlug": "israel-strike-on-damascus-by-september-30",
      "transactionHash": "0x32ee4b2421a60886b96c8589a56274e6a9ea6117e463f61c7ed14baad0dd38c8"
    },
    {
      "id": "0x7f6041fb40d940ab1d06a196b36fafa4c430be07fb042e6de3f615924d006abc:37072820737673550545982947499525351299052704677011952299848670736862285050132:1777606990:BUY",
      "timestamp": 1777606990,
      "user": {
        "id": "0x63040aeb337861755eeed2c97dfe3e31a64bc7e5"
      },
      "market": {
        "question": "Nuggets vs. Timberwolves"
      },
      "outcomeIndex": 1,
      "outcome": "Timberwolves",
      "amountUSD": "153.91",
      "size": 375.4,
      "price": 0.41,
      "type": "BUY",
      "slug": "nba-den-min-2026-04-30",
      "eventSlug": "nba-den-min-2026-04-30",
      "transactionHash": "0x7f6041fb40d940ab1d06a196b36fafa4c430be07fb042e6de3f615924d006abc"
    },
    {
      "id": "0xb472fc893d5530f8929c76bdb95f099ba56b1713d45a1614011734e213271bf7:41054916495347957510087691174345858426588337259427885853416998968409113903196:1777606988:BUY",
      "timestamp": 1777606988,
      "user": {
        "id": "0x63040aeb337861755eeed2c97dfe3e31a64bc7e5"
      },
      "market": {
        "question": "Nuggets vs. Timberwolves"
      },
      "outcomeIndex": 0,
      "outcome": "Nuggets",
      "amountUSD": "213.98",
      "size": 375.4,
      "price": 0.57,
      "type": "BUY",
      "slug": "nba-den-min-2026-04-30",
      "eventSlug": "nba-den-min-2026-04-30",
      "transactionHash": "0xb472fc893d5530f8929c76bdb95f099ba56b1713d45a1614011734e213271bf7"
    },
    {
      "id": "0x2872d8859cc588799530460ac8263d349df24caf7b819f882ee4e52638c354f8:41054916495347957510087691174345858426588337259427885853416998968409113903196:1777606988:BUY",
      "timestamp": 1777606988,
      "user": {
        "id": "0xd1ed12197b7dc22dede923727e9b714024dbd7cb"
      },
      "market": {
        "question": "Nuggets vs. Timberwolves"
      },
      "outcomeIndex": 0,
      "outcome": "Nuggets",
      "amountUSD": "264.93",
      "size": 456.77,
      "price": 0.58,
      "type": "BUY",
      "slug": "nba-den-min-2026-04-30",
      "eventSlug": "nba-den-min-2026-04-30",
      "transactionHash": "0x2872d8859cc588799530460ac8263d349df24caf7b819f882ee4e52638c354f8"
    },
    {
      "id": "0xc36a1cfd307d158bb0925bb744e82718feedd1226881d8334a315a118f8260dd:26409253591433416583041788003017405760432218859327697666630871689207574536370:1777606988:SELL",
      "timestamp": 1777606988,
      "user": {
        "id": "0x6b0ef578c76e31074917d0b138d0da1a910668cf"
      },
      "market": {
        "question": "Will Olivier Faure win the 2027 French presidential election?"
      },
      "outcomeIndex": 1,
      "outcome": "No",
      "amountUSD": "225.77",
      "size": 227.13,
      "price": 0.994,
