{
  "meta": {
    "status": "ok",
    "last_checked_at": "2026-05-01T03:36:27.791812Z",
    "lookback_hours": 24,
    "archive_days": 30,
    "min_trade_usd": 100,
    "fetched_count": 1000,
    "stored_count": 1000,
    "source": "Polymarket Data API /trades"
  },
  "trades": [
    {
      "id": "0x6fb274ced28dedaaa406a8d78bb9c847e638bb0b10ef5bb413a5ced7125c3127:35111882545337625319185161398937682999453337503602002616568967957743691166852:1777606456:BUY",
      "timestamp": 1777606456,
      "user": {
        "id": "0x204f72f35326db932158cba6adff0b9a1da95e14"
      },
      "market": {
        "question": "Independiente Medell\u00edn vs. Cusco FC: O/U 2.5"
      },
      "outcomeIndex": 1,
      "outcome": "Under",
      "amountUSD": "316.22",
      "size": 326,
      "price": 0.97,
      "type": "BUY",
      "slug": "lib-dim-gar-2026-04-30-total-2pt5",
      "eventSlug": "lib-dim-gar-2026-04-30-more-markets",
      "transactionHash": "0x6fb274ced28dedaaa406a8d78bb9c847e638bb0b10ef5bb413a5ced7125c3127"
    },
    {
      "id": "0x4334775f9a0f1888174bf2f637068a5ff9f8422626f0166ff7250de66b658978:73677139440583418214424043722574191149870139012332577526780194018512610686937:1777606456:BUY",
      "timestamp": 1777606456,
      "user": {
        "id": "0x27fac5500eedd5dff5ec008f1ac733bbc54cf3a8"
      },
      "market": {
        "question": "Will the Tennessee Titans win the 2027 NFL league championship?"
      },
      "outcomeIndex": 1,
      "outcome": "No",
      "amountUSD": "126.00",
      "size": 127.016125,
      "price": 0.992,
      "type": "BUY",
      "slug": "will-the-tennessee-titans-win-the-2027-nfl-league-championship",
      "eventSlug": "big-game-champion-2027",
      "transactionHash": "0x4334775f9a0f1888174bf2f637068a5ff9f8422626f0166ff7250de66b658978"
    },
    {
      "id": "0x49e547ed351125e2f1743e6b492971a67fabfbf1f16d4d951aa56266b6725e55:37072820737673550545982947499525351299052704677011952299848670736862285050132:1777606456:SELL",
      "timestamp": 1777606456,
      "user": {
        "id": "0x53757615de1c42b83f893b79d4241a009dc2aeea"
      },
      "market": {
        "question": "Nuggets vs. Timberwolves"
      },
      "outcomeIndex": 1,
      "outcome": "Timberwolves",
      "amountUSD": "359.45",
      "size": 553,
      "price": 0.65,
      "type": "SELL",
      "slug": "nba-den-min-2026-04-30",
      "eventSlug": "nba-den-min-2026-04-30",
      "transactionHash": "0x49e547ed351125e2f1743e6b492971a67fabfbf1f16d4d951aa56266b6725e55"
    },
    {
      "id": "0x9bfd5b3f7caa940fc18f9a8631833975d17476b8c6bc64993e2480e18311aae1:114998554644753175089809613397738218290197523481410853333396371056532392010992:1777606456:BUY",
      "timestamp": 1777606456,
      "user": {
        "id": "0x7bff96579b20fe3530e140d6a3c223c9f2127cd6"
      },
      "market": {
        "question": "Will the highest temperature in Lagos be 37\u00b0C on May 1?"
      },
      "outcomeIndex": 1,
      "outcome": "No",
      "amountUSD": "203.96",
      "size": 205,
      "price": 0.9949268292682927,
      "type": "BUY",
      "slug": "highest-temperature-in-lagos-on-may-1-2026-37c",
      "eventSlug": "highest-temperature-in-lagos-on-may-1-2026",
      "transactionHash": "0x9bfd5b3f7caa940fc18f9a8631833975d17476b8c6bc64993e2480e18311aae1"
    },
    {
      "id": "0xb67c7dc61eede73d89595194d46a96c4dea06c25f0f8c42e089206ee45f582d3:26236941181419041540170406367333931297941170587050775303537250985024471434407:1777606454:BUY",
      "timestamp": 1777606454,
      "user": {
        "id": "0x252d7bae5ec87553dcafb23e275c202ac0d3c456"
      },
      "market": {
        "question": "Will Ethereum reach $2,300 on April 30?"
      },
      "outcomeIndex": 0,
      "outcome": "Yes",
      "amountUSD": "300.00",
      "size": 3092.783504,
      "price": 0.09699999971288,
      "type": "BUY",
      "slug": "will-ethereum-reach-2300-on-april-30",
      "eventSlug": "what-price-will-ethereum-hit-on-april-30",
      "transactionHash": "0xb67c7dc61eede73d89595194d46a96c4dea06c25f0f8c42e089206ee45f582d3"
    },
    {
      "id": "0x5de1611ca8d77b72ee41cf1892bf4afadc2a4d62acd566f5460060707027f1f2:45442425344945148629054388646754027198945031826748686202782489747948611240619:1777606452:SELL",
      "timestamp": 1777606452,
      "user": {
        "id": "0x5165b0d1753ae5e6fc0aa2fa598f17a00db3872f"
      },
      "market": {
        "question": "Bitcoin Up or Down - April 30, 11:30PM-11:35PM ET"
      },
      "outcomeIndex": 0,
      "outcome": "Up",
      "amountUSD": "328.33",
      "size": 381.99,
      "price": 0.859515170554203,
      "type": "SELL",
      "slug": "btc-updown-5m-1777606200",
      "eventSlug": "btc-updown-5m-1777606200",
      "transactionHash": "0x5de1611ca8d77b72ee41cf1892bf4afadc2a4d62acd566f5460060707027f1f2"
    },
    {
      "id": "0xb9a2a66cdfb1b2679bfad9f3aea28d319dde7b3cd7f3cc27f332415a531d398a:76502490060038468983308870100553689583720145873703214557423080536912388384600:1777606452:BUY",
      "timestamp": 1777606452,
      "user": {
        "id": "0xa7cc00c563726032007221e827bbf7fdb6d7644e"
      },
      "market": {
        "question": "Will the Denver Nuggets win the 2026 NBA Finals?"
      },
      "outcomeIndex": 1,
      "outcome": "No",
      "amountUSD": "113.56",
      "size": 116,
      "price": 0.979,
      "type": "BUY",
      "slug": "will-the-denver-nuggets-win-the-2026-nba-finals",
      "eventSlug": "2026-nba-champion",
      "transactionHash": "0xb9a2a66cdfb1b2679bfad9f3aea28d319dde7b3cd7f3cc27f332415a531d398a"
    },
    {
      "id": "0x9ff564015b5f8e75c54858f5f6c0316174a4426f5fb413b9db2c73c77fbd70c2:37072820737673550545982947499525351299052704677011952299848670736862285050132:1777606450:BUY",
      "timestamp": 1777606450,
      "user": {
        "id": "0x0eb75bf6f54794a83bd26095811f30b530161f17"
      },
      "market": {
        "question": "Nuggets vs. Timberwolves"
      },
      "outcomeIndex": 1,
      "outcome": "Timberwolves",
      "amountUSD": "20000.00",
      "size": 30303.030302,
      "price": 0.65999999998944,
      "type": "BUY",
      "slug": "nba-den-min-2026-04-30",
      "eventSlug": "nba-den-min-2026-04-30",
      "transactionHash": "0x9ff564015b5f8e75c54858f5f6c0316174a4426f5fb413b9db2c73c77fbd70c2"
    },
    {
      "id": "0x246f4239266274586a0251ce27e999163cb7266624205e60e882f866a8b1dc68:45442425344945148629054388646754027198945031826748686202782489747948611240619:1777606448:BUY",
      "timestamp": 1777606448,
      "user": {
        "id": "0xcfb103c37c0234f524c632d964ed31f117b5f694"
      },
      "market": {
        "question": "Bitcoin Up or Down - April 30, 11:30PM-11:35PM ET"
      },
      "outcomeIndex": 0,
      "outcome": "Up",
      "amountUSD": "142.03",
      "size": 178.9,
      "price": 0.7939072107322527,
      "type": "BUY",
      "slug": "btc-updown-5m-1777606200",
      "eventSlug": "btc-updown-5m-1777606200",
      "transactionHash": "0x246f4239266274586a0251ce27e999163cb7266624205e60e882f866a8b1dc68"
    },
    {
      "id": "0xe26b763e9a38bd46b43d170a7c6016e4f340c8194df1f2b3dba565d6f98bd2bc:41054916495347957510087691174345858426588337259427885853416998968409113903196:1777606448:BUY",
      "timestamp": 1777606448,
      "user": {
        "id": "0x1467c06a2bf624005ee77350248c922af77d51e3"
      },
      "market": {
        "question": "Nuggets vs. Timberwolves"
      },
      "outcomeIndex": 0,
      "outcome": "Nuggets",
      "amountUSD": "350.00",
      "size": 1000,
      "price": 0.35,
      "type": "BUY",
      "slug": "nba-den-min-2026-04-30",
      "eventSlug": "nba-den-min-2026-04-30",
      "transactionHash": "0xe26b763e9a38bd46b43d170a7c6016e4f340c8194df1f2b3dba565d6f98bd2bc"
    },
    {
      "id": "0x89198c7d43a7fca8dec420c32418d387537b80af38ec04bb21a9229959b46165:84456411784461307907014104121290388028540202019326682063001922386818176469187:1777606448:BUY",
      "timestamp": 1777606448,
      "user": {
        "id": "0x5b0a52782a38f1318c374317fbd9cf90b7d74d57"
      },
      "market": {
        "question": "Will the highest temperature in Kuala Lumpur be 33\u00b0C on May 1?"
      },
      "outcomeIndex": 1,
      "outcome": "No",
      "amountUSD": "341.05",
      "size": 351.86,
      "price": 0.9692894901381232,
      "type": "BUY",
      "slug": "highest-temperature-in-kuala-lumpur-on-may-1-2026-33c",
      "eventSlug": "highest-temperature-in-kuala-lumpur-on-may-1-2026",
      "transactionHash": "0x89198c7d43a7fca8dec420c32418d387537b80af38ec04bb21a9229959b46165"
    },
    {
      "id": "0x572f74a58a563ce058fcc8a49803bd027c866782be5df17e6d56e57c05809287:84456411784461307907014104121290388028540202019326682063001922386818176469187:1777606448:BUY",
      "timestamp": 1777606448,
      "user": {
        "id": "0x5b0a52782a38f1318c374317fbd9cf90b7d74d57"
      },
      "market": {
        "question": "Will the highest temperature in Kuala Lumpur be 33\u00b0C on May 1?"
      },
      "outcomeIndex": 1,
      "outcome": "No",
      "amountUSD": "106.92",
      "size": 111.5734,
      "price": 0.9582929085247918,
      "type": "BUY",
      "slug": "highest-temperature-in-kuala-lumpur-on-may-1-2026-33c",
      "eventSlug": "highest-temperature-in-kuala-lumpur-on-may-1-2026",
      "transactionHash": "0x572f74a58a563ce058fcc8a49803bd027c866782be5df17e6d56e57c05809287"
    },
    {
      "id": "0xb193944233d62d1ec1325ed47232fd32d7e1fdc9c32e502bb76e6308efc356ac:105134691322323565615831879054043168027913414000042547943201361115853277749482:1777606448:BUY",
      "timestamp": 1777606448,
      "user": {
        "id": "0xfb2dbc7f8942faa6d69f656448c2d01745d1a557"
      },
      "market": {
        "question": "Will Wes Moore win the 2028 Democratic presidential nomination?"
      },
      "outcomeIndex": 1,
      "outcome": "No",
      "amountUSD": "813.50",
      "size": 823.3805,
      "price": 0.988,
      "type": "BUY",
      "slug": "will-wes-moore-win-the-2028-democratic-presidential-nomination-714",
      "eventSlug": "democratic-presidential-nominee-2028",
      "transactionHash": "0xb193944233d62d1ec1325ed47232fd32d7e1fdc9c32e502bb76e6308efc356ac"
    },
    {
      "id": "0x66b229aada119bbd3da5873d0de94442b38fb0418de8625db390cef5c0d41fd8:98489417695379382043171403568990733438096456060361334849457286678347920656120:1777606444:BUY",
      "timestamp": 1777606444,
      "user": {
        "id": "0x92a6294cd55b9c6ccd57efaffc365ad943118b84"
      },
      "market": {
        "question": "Another US Joint Chiefs of Staff member out by April 30?"
      },
      "outcomeIndex": 1,
      "outcome": "No",
      "amountUSD": "774.70",
      "size": 775.52,
      "price": 0.9989373968434083,
      "type": "BUY",
      "slug": "another-us-joint-chiefs-of-staff-member-out-by-april-30",
      "eventSlug": "another-us-joint-chiefs-of-staff-member-out-by-april-30",
      "transactionHash": "0x66b229aada119bbd3da5873d0de94442b38fb0418de8625db390cef5c0d41fd8"
    },
    {
      "id": "0x6340d9467697f491312bd16b1feefda01506a01112ebc5315de2674d8e42d323:37072820737673550545982947499525351299052704677011952299848670736862285050132:1777606444:BUY",
      "timestamp": 1777606444,
      "user": {
        "id": "0x8aa67f2b6fae3e92e00771a05f4b47bf91cb83f9"
      },
      "market": {
        "question": "Nuggets vs. Timberwolves"
      },
      "outcomeIndex": 1,
      "outcome": "Timberwolves",
      "amountUSD": "660.00",
      "size": 1000,
      "price": 0.66,
      "type": "BUY",
      "slug": "nba-den-min-2026-04-30",
      "eventSlug": "nba-den-min-2026-04-30",
      "transactionHash": "0x6340d9467697f491312bd16b1feefda01506a01112ebc5315de2674d8e42d323"
    },
    {
      "id": "0x718631f76dc8d827cb945bd2fe540985fca01303f51d9c97afa48b74b1adc1d7:56053038541864358441857746754592801264383671506772289562192741773380571424739:1777606442:BUY",
      "timestamp": 1777606442,
      "user": {
        "id": "0x16905fb8633a07853b532709572d2a0de0158c4d"
      },
      "market": {
        "question": "Spread: Nuggets (-7.5)"
      },
      "outcomeIndex": 1,
      "outcome": "Timberwolves",
      "amountUSD": "1044.34",
      "size": 1111,
      "price": 0.94,
      "type": "BUY",
      "slug": "nba-den-min-2026-04-30-spread-away-7pt5",
      "eventSlug": "nba-den-min-2026-04-30",
      "transactionHash": "0x718631f76dc8d827cb945bd2fe540985fca01303f51d9c97afa48b74b1adc1d7"
    },
    {
      "id": "0x2e0cd58d736e8704f952d246cb20a9e920d1c0ed2485b7ce88a00a4c8e1b0b09:45442425344945148629054388646754027198945031826748686202782489747948611240619:1777606442:BUY",
      "timestamp": 1777606442,
      "user": {
        "id": "0xe9076a87c5ed90ef16e6fe6529c943baeca0cff6"
      },
      "market": {
        "question": "Bitcoin Up or Down - April 30, 11:30PM-11:35PM ET"
      },
      "outcomeIndex": 0,
      "outcome": "Up",
      "amountUSD": "320.97",
      "size": 423.25,
      "price": 0.7583484937979917,
      "type": "BUY",
      "slug": "btc-updown-5m-1777606200",
      "eventSlug": "btc-updown-5m-1777606200",
      "transactionHash": "0x2e0cd58d736e8704f952d246cb20a9e920d1c0ed2485b7ce88a00a4c8e1b0b09"
    },
    {
      "id": "0xb497d8a399d6bd13178096cedf3f2e586d579d52f16cb750dae2a5d970094c1f:45442425344945148629054388646754027198945031826748686202782489747948611240619:1777606442:BUY",
      "timestamp": 1777606442,
      "user": {
        "id": "0xe9076a87c5ed90ef16e6fe6529c943baeca0cff6"
      },
      "market": {
        "question": "Bitcoin Up or Down - April 30, 11:30PM-11:35PM ET"
      },
      "outcomeIndex": 0,
      "outcome": "Up",
      "amountUSD": "108.02",
      "size": 139.062818,
      "price": 0.7767640520559564,
      "type": "BUY",
      "slug": "btc-updown-5m-1777606200",
      "eventSlug": "btc-updown-5m-1777606200",
      "transactionHash": "0xb497d8a399d6bd13178096cedf3f2e586d579d52f16cb750dae2a5d970094c1f"
    },
    {
      "id": "0xfc1bc34b4d65ba4efa871ebf8c263b4543e044541f2b2067389f653e48b9b9e4:82254794773423437491598574581796732934760602553828664932786984448280136473130:1777606440:SELL",
      "timestamp": 1777606440,
      "user": {
        "id": "0xd56a849c436f6c09adc232a5f565bedff9aa50ce"
      },
      "market": {
        "question": "Will Gina Raimondo win the 2028 Democratic presidential nomination?"
      },
      "outcomeIndex": 1,
      "outcome": "No",
      "amountUSD": "197.80",
      "size": 199.19,
      "price": 0.993,
      "type": "SELL",
      "slug": "will-gina-raimondo-win-the-2028-democratic-presidential-nomination-676",
      "eventSlug": "democratic-presidential-nominee-2028",
      "transactionHash": "0xfc1bc34b4d65ba4efa871ebf8c263b4543e044541f2b2067389f653e48b9b9e4"
    },
    {
      "id": "0x21bcead73f2fe6c071512d111cb3233bc197ec9a03ea52fe75dd548610a1a12a:41054916495347957510087691174345858426588337259427885853416998968409113903196:1777606436:BUY",
      "timestamp": 1777606436,
      "user": {
        "id": "0xbe7ef1907a730226453814dedeee3995c0656d00"
      },
      "market": {
        "question": "Nuggets vs. Timberwolves"
      },
      "outcomeIndex": 0,
      "outcome": "Nuggets",
      "amountUSD": "1000.00",
      "size": 2857.142856,
      "price": 0.34999999979,
      "type": "BUY",
      "slug": "nba-den-min-2026-04-30",
      "eventSlug": "nba-den-min-2026-04-30",
      "transactionHash": "0x21bcead73f2fe6c071512d111cb3233bc197ec9a03ea52fe75dd548610a1a12a"
    },
    {
      "id": "0x39c6d42956491ed531960bb4917600074200799cf1ae4def7d772d3627fc5699:113118339201120943523923615928345305699673885970943124309465142950926983445118:1777606434:BUY",
      "timestamp": 1777606434,
      "user": {
        "id": "0x4702520090e4a908dedf7e30f558964a3247b74f"
      },
      "market": {
        "question": "Will \u00c9lisabeth Borne win the 2027 French presidential election?"
      },
      "outcomeIndex": 1,
      "outcome": "No",
      "amountUSD": "223.00",
      "size": 224.1206,
      "price": 0.995,
      "type": "BUY",
      "slug": "will-lisabeth-borne-win-the-2027-french-presidential-election",
      "eventSlug": "next-french-presidential-election",
      "transactionHash": "0x39c6d42956491ed531960bb4917600074200799cf1ae4def7d772d3627fc5699"
    },
    {
      "id": "0x1e2b8430489b7ee2157b9dcd9121667c7f781ddcae4da6d135193b61a559d5d9:56053038541864358441857746754592801264383671506772289562192741773380571424739:1777606432:BUY",
      "timestamp": 1777606432,
      "user": {
        "id": "0x16905fb8633a07853b532709572d2a0de0158c4d"
      },
      "market": {
        "question": "Spread: Nuggets (-7.5)"
      },
      "outcomeIndex": 1,
      "outcome": "Timberwolves",
      "amountUSD": "158.35",
      "size": 166.11,
      "price": 0.9533110589368491,
      "type": "BUY",
      "slug": "nba-den-min-2026-04-30-spread-away-7pt5",
      "eventSlug": "nba-den-min-2026-04-30",
      "transactionHash": "0x1e2b8430489b7ee2157b9dcd9121667c7f781ddcae4da6d135193b61a559d5d9"
    },
    {
      "id": "0xda1c0a4bf9f3b46d84d0cf3604a32e488f77cc9536e9b04885740e9253315298:108577111372180314283290236928877567931708340279463093485599408847888481850833:1777606432:BUY",
      "timestamp": 1777606432,
      "user": {
        "id": "0xfd206bd4473bb519b3770955339f12eb089513e2"
      },
      "market": {
        "question": "Will Solana dip to $80 on April 30?"
      },
      "outcomeIndex": 1,
      "outcome": "No",
      "amountUSD": "148.84",
      "size": 148.99,
      "price": 0.999,
      "type": "BUY",
      "slug": "will-solana-dip-to-80-on-april-30",
      "eventSlug": "what-price-will-solana-hit-on-april-30",
      "transactionHash": "0xda1c0a4bf9f3b46d84d0cf3604a32e488f77cc9536e9b04885740e9253315298"
    },
    {
      "id": "0x42b9fb2b566bcf0671ae2ece0ad820a5a8a796f73e06f4767fe933c779e381a2:108945045801592569258419974610786649161511991147915144537532323865537362991760:1777606432:SELL",
      "timestamp": 1777606432,
      "user": {
        "id": "0x063723db69f8009d36a39dc2342adbab7f331e31"
      },
      "market": {
        "question": "Will Carlos Sainz Jr. be the 2026 F1 Drivers' Champion?"
      },
      "outcomeIndex": 1,
      "outcome": "No",
      "amountUSD": "233.42",
      "size": 234.36,
      "price": 0.996,
      "type": "SELL",
      "slug": "will-carlos-sainz-jr-be-the-2026-f1-drivers-champion",
      "eventSlug": "2026-f1-drivers-champion",
      "transactionHash": "0x42b9fb2b566bcf0671ae2ece0ad820a5a8a796f73e06f4767fe933c779e381a2"
    },
    {
      "id": "0x2ae2b2a1a33a8bdc53491215a78b4c4cd331c903d8aab37b0b7675f807d744f3:53029322973021716677316238444429953631376060661460887782070051874717384466433:1777606432:BUY",
      "timestamp": 1777606432,
      "user": {
        "id": "0x204f72f35326db932158cba6adff0b9a1da95e14"
      },
      "market": {
        "question": "Independiente Medell\u00edn vs. Cusco FC: O/U 4.5"
      },
      "outcomeIndex": 1,
      "outcome": "Under",
      "amountUSD": "507.87",
      "size": 513,
      "price": 0.99,
      "type": "BUY",
      "slug": "lib-dim-gar-2026-04-30-total-4pt5",
      "eventSlug": "lib-dim-gar-2026-04-30-more-markets",
      "transactionHash": "0x2ae2b2a1a33a8bdc53491215a78b4c4cd331c903d8aab37b0b7675f807d744f3"
    },
    {
      "id": "0xa3446975c3550298115c0f0777801828f0e537e645205f39e63cc8e9b0b203e0:91654279459782700285030880702186010885362170180157997195869175981321159591151:1777606432:BUY",
      "timestamp": 1777606432,
      "user": {
        "id": "0xf794066e005be1fcbf0e0e7b13dbff7420286d57"
      },
      "market": {
        "question": "Will Elon Musk win the 2028 Republican presidential nomination?"
      },
      "outcomeIndex": 1,
      "outcome": "No",
      "amountUSD": "419.00",
      "size": 423.2323,
      "price": 0.99,
      "type": "BUY",
      "slug": "will-elon-musk-win-the-2028-republican-presidential-nomination",
      "eventSlug": "republican-presidential-nominee-2028",
      "transactionHash": "0xa3446975c3550298115c0f0777801828f0e537e645205f39e63cc8e9b0b203e0"
    },
    {
      "id": "0x258947168ee7cc325e7f599456aea90dda4721f1ce5ea14f3ba93f5a6efd1e79:77358669988571740141708171479041277740184366162566520167516426574366172236183:1777606430:BUY",
      "timestamp": 1777606430,
      "user": {
        "id": "0x9357c45f92d9513cf98c39359aabb046809b4c9b"
      },
      "market": {
        "question": "Bitcoin Up or Down - April 30, 11:30PM-11:35PM ET"
      },
      "outcomeIndex": 1,
      "outcome": "Down",
      "amountUSD": "150.00",
      "size": 467.917057,
      "price": 0.3205696324936494,
      "type": "BUY",
      "slug": "btc-updown-5m-1777606200",
      "eventSlug": "btc-updown-5m-1777606200",
      "transactionHash": "0x258947168ee7cc325e7f599456aea90dda4721f1ce5ea14f3ba93f5a6efd1e79"
    },
    {
      "id": "0xfd8a40addbc2d13d885791ef2ba0b0b98146e07c0aea6bdb9f1185564dc93bb8:30425237662851478126402051223034703649499004141820975789867016941922411152197:1777606426:BUY",
      "timestamp": 1777606426,
      "user": {
        "id": "0x502c3b180a8577990f28cbb4611b1611b790c96b"
      },
      "market": {
        "question": "Will the price of Bitcoin be above $72,000 on May 6?"
      },
      "outcomeIndex": 1,
      "outcome": "No",
      "amountUSD": "139.05",
      "size": 2317.5,
      "price": 0.06,
      "type": "BUY",
      "slug": "bitcoin-above-72k-on-may-6",
      "eventSlug": "bitcoin-above-on-may-6",
      "transactionHash": "0xfd8a40addbc2d13d885791ef2ba0b0b98146e07c0aea6bdb9f1185564dc93bb8"
    },
    {
      "id": "0x1a2537ccca8ddbe35c98659bb0256af7a19552a00624e86b0118d750abf35f37:77358669988571740141708171479041277740184366162566520167516426574366172236183:1777606424:BUY",
      "timestamp": 1777606424,
      "user": {
        "id": "0xe9076a87c5ed90ef16e6fe6529c943baeca0cff6"
      },
      "market": {
        "question": "Bitcoin Up or Down - April 30, 11:30PM-11:35PM ET"
      },
      "outcomeIndex": 1,
      "outcome": "Down",
      "amountUSD": "110.99",
      "size": 414.54,
      "price": 0.26774979495344237,
      "type": "BUY",
      "slug": "btc-updown-5m-1777606200",
      "eventSlug": "btc-updown-5m-1777606200",
      "transactionHash": "0x1a2537ccca8ddbe35c98659bb0256af7a19552a00624e86b0118d750abf35f37"
    },
    {
      "id": "0xb2ca3859b835ecc620642f51ace0319502f069e9a4c8be4b9a8fd9e0bfa03bae:112177007392163960484008159326300450500524475967112598127823948255784605038856:1777606424:BUY",
      "timestamp": 1777606424,
      "user": {
        "id": "0x5011224f4848cb2cf2d87cf2b823551dfd0e220e"
      },
      "market": {
        "question": "Will the Kharg Island oil terminal be hit by April 30?"
      },
      "outcomeIndex": 1,
      "outcome": "No",
      "amountUSD": "1689.56",
      "size": 1694.64,
      "price": 0.997,
      "type": "BUY",
      "slug": "will-the-kharg-island-oil-terminal-be-hit-by-april-30-484-426",
      "eventSlug": "will-the-kharg-island-oil-terminal-be-hit-by-march-31",
      "transactionHash": "0xb2ca3859b835ecc620642f51ace0319502f069e9a4c8be4b9a8fd9e0bfa03bae"
    },
    {
      "id": "0x0c925b8e81473556697fb351efa6f095676e6ff4141435271e73f845175c3ef8:77358669988571740141708171479041277740184366162566520167516426574366172236183:1777606424:BUY",
      "timestamp": 1777606424,
      "user": {
        "id": "0xe9076a87c5ed90ef16e6fe6529c943baeca0cff6"
      },
      "market": {
        "question": "Bitcoin Up or Down - April 30, 11:30PM-11:35PM ET"
      },
      "outcomeIndex": 1,
      "outcome": "Down",
      "amountUSD": "152.69",
      "size": 453.79,
      "price": 0.3364844972344036,
      "type": "BUY",
      "slug": "btc-updown-5m-1777606200",
      "eventSlug": "btc-updown-5m-1777606200",
      "transactionHash": "0x0c925b8e81473556697fb351efa6f095676e6ff4141435271e73f845175c3ef8"
    },
    {
      "id": "0x7a6bbca1c82906f53d9431a7b180b182c3d4a19db9bab718e94c5e05c287e7fc:77358669988571740141708171479041277740184366162566520167516426574366172236183:1777606424:BUY",
      "timestamp": 1777606424,
      "user": {
        "id": "0xe9076a87c5ed90ef16e6fe6529c943baeca0cff6"
      },
      "market": {
        "question": "Bitcoin Up or Down - April 30, 11:30PM-11:35PM ET"
      },
      "outcomeIndex": 1,
      "outcome": "Down",
      "amountUSD": "100.54",
      "size": 249.917803,
      "price": 0.40230146789502624,
      "type": "BUY",
      "slug": "btc-updown-5m-1777606200",
      "eventSlug": "btc-updown-5m-1777606200",
      "transactionHash": "0x7a6bbca1c82906f53d9431a7b180b182c3d4a19db9bab718e94c5e05c287e7fc"
    },
    {
      "id": "0xe2b2b0f8eb73f4f327f11524f7c9892e8b50d88cd7a64b4589aa6ebf0479a3ac:77358669988571740141708171479041277740184366162566520167516426574366172236183:1777606424:BUY",
      "timestamp": 1777606424,
      "user": {
        "id": "0xe9076a87c5ed90ef16e6fe6529c943baeca0cff6"
      },
      "market": {
        "question": "Bitcoin Up or Down - April 30, 11:30PM-11:35PM ET"
      },
      "outcomeIndex": 1,
      "outcome": "Down",
      "amountUSD": "311.12",
      "size": 850,
      "price": 0.3660294117647059,
      "type": "BUY",
      "slug": "btc-updown-5m-1777606200",
      "eventSlug": "btc-updown-5m-1777606200",
      "transactionHash": "0xe2b2b0f8eb73f4f327f11524f7c9892e8b50d88cd7a64b4589aa6ebf0479a3ac"
    },
    {
      "id": "0x4f3c102403bf5241f37252e8eecd9486cf9febaa01a6f5312a7e9f39b9902fc1:77358669988571740141708171479041277740184366162566520167516426574366172236183:1777606424:BUY",
      "timestamp": 1777606424,
      "user": {
        "id": "0xe9076a87c5ed90ef16e6fe6529c943baeca0cff6"
      },
      "market": {
        "question": "Bitcoin Up or Down - April 30, 11:30PM-11:35PM ET"
      },
      "outcomeIndex": 1,
      "outcome": "Down",
      "amountUSD": "124.64",
      "size": 422.88,
      "price": 0.29473231176693154,
      "type": "BUY",
      "slug": "btc-updown-5m-1777606200",
      "eventSlug": "btc-updown-5m-1777606200",
      "transactionHash": "0x4f3c102403bf5241f37252e8eecd9486cf9febaa01a6f5312a7e9f39b9902fc1"
    },
    {
      "id": "0xd7d902267bffa96c82cff130d2c8f1768bb9b9697eb8b0190519c065b2b440a1:58389730991380235726868542531087058690762163352908563301611948484975927797504:1777606422:BUY",
      "timestamp": 1777606422,
      "user": {
        "id": "0x1b9cc5afa254c4a86eb0fcba15d01b900c2a012c"
      },
      "market": {
        "question": "Will Eric Trump win the 2028 Republican presidential nomination?"
      },
      "outcomeIndex": 1,
      "outcome": "No",
      "amountUSD": "780.66",
      "size": 786.96,
      "price": 0.992,
      "type": "BUY",
      "slug": "will-eric-trump-win-the-2028-republican-presidential-nomination",
      "eventSlug": "republican-presidential-nominee-2028",
      "transactionHash": "0xd7d902267bffa96c82cff130d2c8f1768bb9b9697eb8b0190519c065b2b440a1"
    },
    {
      "id": "0xe01fd7d7bc9ce81f91c3e720b828cc6407109804e000f4bdb43d9ae33eaba00b:107082392302280982206916804096852125268231602712502242059060429205673422781590:1777606420:BUY",
      "timestamp": 1777606420,
      "user": {
        "id": "0xd0a0f3ad5f55a47811d9baaf70d9950b07f4eb7e"
      },
      "market": {
        "question": "Will the highest temperature in Jakarta be 28\u00b0C or below on May 2?"
      },
      "outcomeIndex": 1,
      "outcome": "No",
      "amountUSD": "214.78",
      "size": 215,
      "price": 0.999,
      "type": "BUY",
      "slug": "highest-temperature-in-jakarta-on-may-2-2026-28corbelow",
      "eventSlug": "highest-temperature-in-jakarta-on-may-2-2026",
      "transactionHash": "0xe01fd7d7bc9ce81f91c3e720b828cc6407109804e000f4bdb43d9ae33eaba00b"
    },
    {
      "id": "0x291b330cce5c93d3a44d875ef3a93702bda6a14ec824b0de332f9d3b0f82d9e8:77669758102929718590160851391714019116736856202333459817343190730743895177270:1777606420:BUY",
      "timestamp": 1777606420,
      "user": {
        "id": "0xb8ee94bd599a92d4747dda5f3bc6d2b243349e81"
      },
      "market": {
        "question": "Strait of Hormuz traffic returns to normal by end of June?"
      },
      "outcomeIndex": 1,
      "outcome": "No",
      "amountUSD": "212.00",
      "size": 400,
      "price": 0.53,
      "type": "BUY",
      "slug": "strait-of-hormuz-traffic-returns-to-normal-by-end-of-june",
      "eventSlug": "strait-of-hormuz-traffic-returns-to-normal-by-end-of-june",
      "transactionHash": "0x291b330cce5c93d3a44d875ef3a93702bda6a14ec824b0de332f9d3b0f82d9e8"
    },
    {
      "id": "0xd93b118c05e2f66eba6c65110ef7cf4ac5e9fa803aacb2ab5c266aa18e70ef23:3247271342026300051128226182573150394732706885204585387899297795995885445770:1777606420:BUY",
      "timestamp": 1777606420,
      "user": {
        "id": "0x9388da6e4a2e20a631844996c78b88e8ef2dad42"
      },
      "market": {
        "question": "Will the highest temperature in Singapore be 31\u00b0C on May 1?"
      },
      "outcomeIndex": 1,
      "outcome": "No",
      "amountUSD": "106.71",
      "size": 183.035,
      "price": 0.5830032507443932,
      "type": "BUY",
      "slug": "highest-temperature-in-singapore-on-may-1-2026-31c",
      "eventSlug": "highest-temperature-in-singapore-on-may-1-2026",
      "transactionHash": "0xd93b118c05e2f66eba6c65110ef7cf4ac5e9fa803aacb2ab5c266aa18e70ef23"
    },
    {
      "id": "0xf46331abd00eb60ae1f9a9cd61b33d96d571df10c3683a57de05516cd4cbdf9d:18341725165736111179993238665345053995796328399611499561867248644316764136299:1777606420:BUY",
      "timestamp": 1777606420,
      "user": {
        "id": "0x92a6294cd55b9c6ccd57efaffc365ad943118b84"
      },
      "market": {
        "question": "Will the UAE leave the Gulf Cooperation Council by April 30, 2026?"
      },
      "outcomeIndex": 1,
      "outcome": "No",
      "amountUSD": "998.99",
      "size": 999.99,
      "price": 0.999,
      "type": "BUY",
      "slug": "will-the-uae-leave-the-gulf-cooperation-council-by-april-30-2026",
      "eventSlug": "will-uae-leave-the-gulf-cooperation-council-by",
      "transactionHash": "0xf46331abd00eb60ae1f9a9cd61b33d96d571df10c3683a57de05516cd4cbdf9d"
    },
    {
      "id": "0x51f4cac5f9cd19d05712328c102608ef42cb3b36817d236d2ae1d89d9deef025:113010527531893939378789731087528072424814820644967573635491032088087882607051:1777606418:SELL",
      "timestamp": 1777606418,
      "user": {
        "id": "0xefd900b4c483a3f46f6c4ae7f77fecc7d821e41e"
      },
      "market": {
        "question": "Will Eleni Kounalakis win the California Governor Election in 2026?"
      },
      "outcomeIndex": 1,
      "outcome": "No",
      "amountUSD": "230.77",
      "size": 231.46,
      "price": 0.997,
      "type": "SELL",
      "slug": "will-eleni-kounalakis-win-the-california-governor-election-in-2026",
      "eventSlug": "california-governor-election-2026",
      "transactionHash": "0x51f4cac5f9cd19d05712328c102608ef42cb3b36817d236d2ae1d89d9deef025"
    },
    {
      "id": "0xbb48b6e6b055a9bad54635fead3549b055bf9808e927bcff964d2ea99431f507:58389730991380235726868542531087058690762163352908563301611948484975927797504:1777606418:BUY",
      "timestamp": 1777606418,
      "user": {
        "id": "0x00116941597ebd7051258130f4e52a90e87c7999"
      },
      "market": {
        "question": "Will Eric Trump win the 2028 Republican presidential nomination?"
      },
      "outcomeIndex": 1,
      "outcome": "No",
      "amountUSD": "781.30",
      "size": 787.6,
      "price": 0.992,
      "type": "BUY",
      "slug": "will-eric-trump-win-the-2028-republican-presidential-nomination",
      "eventSlug": "republican-presidential-nominee-2028",
      "transactionHash": "0xbb48b6e6b055a9bad54635fead3549b055bf9808e927bcff964d2ea99431f507"
    },
    {
      "id": "0x44c36565fd6155da667508c1373f342bb171f6052ce6f8dfc349f54c96257ba7:82153965757439893426905465298932772930932873552379926260103499861966360148778:1777606418:SELL",
      "timestamp": 1777606418,
      "user": {
        "id": "0x4702520090e4a908dedf7e30f558964a3247b74f"
      },
      "market": {
        "question": "Will Bulgaria win Eurovision 2026?"
      },
      "outcomeIndex": 1,
      "outcome": "No",
      "amountUSD": "181.81",
      "size": 183.46,
      "price": 0.991,
      "type": "SELL",
      "slug": "will-bulgaria-win-eurovision-2026",
      "eventSlug": "eurovision-winner-2026",
      "transactionHash": "0x44c36565fd6155da667508c1373f342bb171f6052ce6f8dfc349f54c96257ba7"
    },
    {
      "id": "0x0b9b3724d8ec482f49c1b308f361941ad025578d11df6a7b85f14653446380b6:14928736619687821077211517929586802526052402558192937625047910268842003537451:1777606416:BUY",
      "timestamp": 1777606416,
      "user": {
        "id": "0xaab19b773cf40484ec3af5ac40379c6a08fd334e"
      },
      "market": {
        "question": "Will the price of Bitcoin be above $72,000 on May 1?"
      },
      "outcomeIndex": 0,
      "outcome": "Yes",
      "amountUSD": "141.00",
      "size": 141.141,
      "price": 0.999,
      "type": "BUY",
      "slug": "bitcoin-above-72k-on-may-1",
      "eventSlug": "bitcoin-above-on-may-1",
      "transactionHash": "0x0b9b3724d8ec482f49c1b308f361941ad025578d11df6a7b85f14653446380b6"
    },
    {
      "id": "0x883d51162b397904fc99b97a7e085d7e4ca9f432f174337339851796cd9d6443:19929255357735608968567113701441639433303309211596766910631472055037903553483:1777606416:BUY",
      "timestamp": 1777606416,
      "user": {
        "id": "0x0851c1069dadaead939fa6f27e6cf81554d6b8a0"
      },
      "market": {
        "question": "Will WTI Crude Oil (WTI) hit (LOW) $80 in May?"
      },
      "outcomeIndex": 1,
      "outcome": "No",
      "amountUSD": "300.00",
      "size": 410.958903,
      "price": 0.7299999995376667,
      "type": "BUY",
      "slug": "will-wti-dip-to-80-in-may-2026-734",
      "eventSlug": "what-price-will-wti-hit-in-may-2026",
      "transactionHash": "0x883d51162b397904fc99b97a7e085d7e4ca9f432f174337339851796cd9d6443"
    },
    {
      "id": "0xacfa9a2f71f26745141d71c3f1ef52e23bf21ebd4e1728f4248fc630fbb597c0:46530263120617042673840722177286553003299007442327117911728947764817048302043:1777606416:SELL",
      "timestamp": 1777606416,
      "user": {
        "id": "0xaf8cdd45886af6cc2d9b975b2c960172aaf558d1"
      },
      "market": {
        "question": "Will Jeon Hyun-heui win the 2026 Seoul Mayoral Election"
      },
      "outcomeIndex": 1,
      "outcome": "No",
      "amountUSD": "249.75",
      "size": 250.25,
      "price": 0.998,
      "type": "SELL",
      "slug": "will-jeon-hyun-heui-win-the-2026-seoul-mayoral-election",
      "eventSlug": "2026-seoul-mayoral-election-winner",
      "transactionHash": "0xacfa9a2f71f26745141d71c3f1ef52e23bf21ebd4e1728f4248fc630fbb597c0"
    },
    {
      "id": "0x6deb0b629d1c407d4563cd55ffc0ac2e5aa0792ba46ba264630190e64617eeeb:37072820737673550545982947499525351299052704677011952299848670736862285050132:1777606412:BUY",
      "timestamp": 1777606412,
      "user": {
        "id": "0xcf9d9c8dd40be797604d3d61383bbaa1f9123ea9"
      },
      "market": {
        "question": "Nuggets vs. Timberwolves"
      },
      "outcomeIndex": 1,
      "outcome": "Timberwolves",
      "amountUSD": "400.00",
      "size": 606.060605,
      "price": 0.659999999505,
      "type": "BUY",
      "slug": "nba-den-min-2026-04-30",
      "eventSlug": "nba-den-min-2026-04-30",
      "transactionHash": "0x6deb0b629d1c407d4563cd55ffc0ac2e5aa0792ba46ba264630190e64617eeeb"
    },
    {
      "id": "0x0fbf1efb3f8e2cece61e33b0f5371162b1b84d955463b0c6db54289a291974d0:37072820737673550545982947499525351299052704677011952299848670736862285050132:1777606412:BUY",
      "timestamp": 1777606412,
      "user": {
        "id": "0x46986132369d9c20140e2fbdedd008cc4bf3d7a5"
      },
      "market": {
        "question": "Nuggets vs. Timberwolves"
      },
      "outcomeIndex": 1,
      "outcome": "Timberwolves",
      "amountUSD": "2000.00",
      "size": 3030.303029,
      "price": 0.6599999999538,
      "type": "BUY",
      "slug": "nba-den-min-2026-04-30",
      "eventSlug": "nba-den-min-2026-04-30",
      "transactionHash": "0x0fbf1efb3f8e2cece61e33b0f5371162b1b84d955463b0c6db54289a291974d0"
    },
    {
      "id": "0xcdcaf3eb85b7349927fe8aa30cbe59f198a940f84a9c972645fa5e609daf5767:58389730991380235726868542531087058690762163352908563301611948484975927797504:1777606412:BUY",
      "timestamp": 1777606412,
      "user": {
        "id": "0xd18dc8dbe6d081c57b100d6b95a217823078fb8c"
      },
      "market": {
        "question": "Will Eric Trump win the 2028 Republican presidential nomination?"
      },
      "outcomeIndex": 1,
      "outcome": "No",
      "amountUSD": "780.39",
      "size": 786.68,
      "price": 0.992,
      "type": "BUY",
      "slug": "will-eric-trump-win-the-2028-republican-presidential-nomination",
      "eventSlug": "republican-presidential-nominee-2028",
      "transactionHash": "0xcdcaf3eb85b7349927fe8aa30cbe59f198a940f84a9c972645fa5e609daf5767"
    },
    {
      "id": "0x0066075c4f4918b3efa144c78d16bbed84a43b4085454f787efb900cd702d21e:58451805222967000500347402883594390746225292637162246081782165844737451490078:1777606410:BUY",
      "timestamp": 1777606410,
      "user": {
        "id": "0xc4d5a24a240ec9f52669e3251e0473fd0c5687cf"
      },
      "market": {
        "question": "Will Elon Musk post 180-199 tweets from April 24 to May 1, 2026?"
      },
      "outcomeIndex": 0,
      "outcome": "Yes",
      "amountUSD": "148.00",
      "size": 200,
      "price": 0.74,
      "type": "BUY",
      "slug": "elon-musk-of-tweets-april-24-may-1-180-199",
      "eventSlug": "elon-musk-of-tweets-april-24-may-1",
      "transactionHash": "0x0066075c4f4918b3efa144c78d16bbed84a43b4085454f787efb900cd702d21e"
    },
    {
      "id": "0xeb64efad9a6e35dbf67320a48fb1da6e7a9ed37a769214f392ee9c46293131ea:30557345373459349158872131715363411680349379575029933055404794473809084891661:1777606410:SELL",
      "timestamp": 1777606410,
      "user": {
        "id": "0x28a1b1a655331aff71d69660346a86c0e48969a1"
      },
      "market": {
        "question": "Will the highest temperature in Seoul be 17\u00b0C on May 1?"
      },
      "outcomeIndex": 1,
      "outcome": "No",
      "amountUSD": "311.14",
      "size": 311.45,
      "price": 0.999,
      "type": "SELL",
      "slug": "highest-temperature-in-seoul-on-may-1-2026-17c",
      "eventSlug": "highest-temperature-in-seoul-on-may-1-2026",
      "transactionHash": "0xeb64efad9a6e35dbf67320a48fb1da6e7a9ed37a769214f392ee9c46293131ea"
    },
    {
      "id": "0xbdde701df5dabb79ae698173e7dbbe24d83ad8ed15a211c77c63da2186510652:76005700027045000587004110133818166617024719626220722682005164003117993034812:1777606410:BUY",
      "timestamp": 1777606410,
      "user": {
        "id": "0x6aa33f33a447d29b9f2d5b66e88f549aa2cc10d9"
      },
      "market": {
        "question": "Will Stephen A. Smith win the 2028 Democratic presidential nomination?"
      },
      "outcomeIndex": 1,
      "outcome": "No",
      "amountUSD": "222.00",
      "size": 224.2424,
      "price": 0.99,
      "type": "BUY",
      "slug": "will-stephen-a-smith-win-the-2028-democratic-presidential-nomination-914",
      "eventSlug": "democratic-presidential-nominee-2028",
      "transactionHash": "0xbdde701df5dabb79ae698173e7dbbe24d83ad8ed15a211c77c63da2186510652"
    },
    {
      "id": "0xd63845a378fe9b3c4f791f62f8e277c4c6760b822e611a9e582224d9d903c600:80777593725072886250387021020386140490553855405927920539616996585797139624012:1777606410:BUY",
      "timestamp": 1777606410,
      "user": {
        "id": "0x1a967b272e98b708fb26a947a50c23785ac29797"
      },
      "market": {
        "question": "Will Iran win the 2026 FIFA World Cup?"
      },
      "outcomeIndex": 1,
      "outcome": "No",
      "amountUSD": "379.78",
      "size": 380.16,
      "price": 0.999,
      "type": "BUY",
      "slug": "will-iran-win-the-2026-fifa-world-cup-788",
      "eventSlug": "2026-fifa-world-cup-winner-595",
      "transactionHash": "0xd63845a378fe9b3c4f791f62f8e277c4c6760b822e611a9e582224d9d903c600"
    },
    {
      "id": "0x4b2d2fd3145009ed4290a81f6fa39ef6707966e9265a517413863592578ffe46:58389730991380235726868542531087058690762163352908563301611948484975927797504:1777606410:BUY",
      "timestamp": 1777606410,
      "user": {
        "id": "0xf0f0f19ff9d579dcde0295e2552400e88050aa24"
      },
      "market": {
        "question": "Will Eric Trump win the 2028 Republican presidential nomination?"
      },
      "outcomeIndex": 1,
      "outcome": "No",
      "amountUSD": "780.90",
      "size": 787.2,
      "price": 0.992,
      "type": "BUY",
      "slug": "will-eric-trump-win-the-2028-republican-presidential-nomination",
      "eventSlug": "republican-presidential-nominee-2028",
      "transactionHash": "0x4b2d2fd3145009ed4290a81f6fa39ef6707966e9265a517413863592578ffe46"
    },
    {
      "id": "0xd8c16003ea2e5e88331a74033c669a04461b4d676f7f53cc177aa95bd800f3bf:59719566460284176747563170948594542001910357576928243006415040827066185298735:1777606408:BUY",
      "timestamp": 1777606408,
      "user": {
        "id": "0x56495373160f46df6a6487b8d9547061986d7d4f"
      },
      "market": {
        "question": "Will Carlos Roberto Massa J\u00fanior win the 2026 Brazilian presidential election?"
      },
      "outcomeIndex": 1,
      "outcome": "No",
      "amountUSD": "242.00",
      "size": 242.242,
      "price": 0.999,
      "type": "BUY",
      "slug": "will-carlos-roberto-massa-jnior-win-the-2026-brazilian-presidential-election",
      "eventSlug": "brazil-presidential-election",
      "transactionHash": "0xd8c16003ea2e5e88331a74033c669a04461b4d676f7f53cc177aa95bd800f3bf"
    },
    {
      "id": "0xd2d00f765d5176d62c1b20c100952443571813dd01f2ee5e12b76ea6dccf2f5d:10398766811303655595339782235864350348828881761515262235130136230008770201075:1777606406:SELL",
      "timestamp": 1777606406,
      "user": {
        "id": "0x4b38e7e30d38dbbbbf21f1a9fb27b5cb2ccb2450"
      },
      "market": {
        "question": "Will Ghana win the 2026 FIFA World Cup?"
      },
      "outcomeIndex": 1,
      "outcome": "No",
      "amountUSD": "114.27",
      "size": 114.61,
      "price": 0.997,
      "type": "SELL",
      "slug": "will-ghana-win-the-2026-fifa-world-cup",
      "eventSlug": "2026-fifa-world-cup-winner-595",
      "transactionHash": "0xd2d00f765d5176d62c1b20c100952443571813dd01f2ee5e12b76ea6dccf2f5d"
    },
    {
      "id": "0x14c4dc43ad3ee58abead7fb312bb738f6cdba97a4b09e64749c4241b2cf37690:83458525990238588372278296141363807794738159543972194870928843625556234697073:1777606406:BUY",
      "timestamp": 1777606406,
      "user": {
        "id": "0x86f39e9b3e4455d55497cdfa63138edf9523685c"
      },
      "market": {
        "question": "Nuggets vs. Timberwolves: O/U 223.5"
      },
      "outcomeIndex": 1,
      "outcome": "Under",
      "amountUSD": "176.00",
      "size": 200,
      "price": 0.88,
      "type": "BUY",
      "slug": "nba-den-min-2026-04-30-total-223pt5",
      "eventSlug": "nba-den-min-2026-04-30",
      "transactionHash": "0x14c4dc43ad3ee58abead7fb312bb738f6cdba97a4b09e64749c4241b2cf37690"
    },
    {
      "id": "0xe20df6efdb16dc9a46b6453cff15b3808ba6eef2b8981c9ddeb2580e1a3ab6bf:36878082449817592613360279987087197660803312448414957649366807604559819878144:1777606402:BUY",
      "timestamp": 1777606402,
      "user": {
        "id": "0x7ab34ead62c51889ed6439eeef7f7e9cb343c4a1"
      },
      "market": {
        "question": "Will the highest temperature in Busan be 25\u00b0C on May 1?"
      },
      "outcomeIndex": 1,
      "outcome": "No",
      "amountUSD": "108.95",
      "size": 110.05,
      "price": 0.99,
      "type": "BUY",
      "slug": "highest-temperature-in-busan-on-may-1-2026-25c",
      "eventSlug": "highest-temperature-in-busan-on-may-1-2026",
      "transactionHash": "0xe20df6efdb16dc9a46b6453cff15b3808ba6eef2b8981c9ddeb2580e1a3ab6bf"
    },
    {
      "id": "0x2f71d54bc7a56c8b6008701ba3348acf34a753c6f4cf03220a790809ba0b8e1d:96270513618623762827475803958378626466599649443608214161759902092100988721439:1777606398:BUY",
      "timestamp": 1777606398,
      "user": {
        "id": "0xdc09437bb914af59f1e8a11167bf9ff5f2acf009"
      },
      "market": {
        "question": "Bitcoin Up or Down - April 30, 11PM ET"
      },
      "outcomeIndex": 0,
      "outcome": "Up",
      "amountUSD": "602.53",
      "size": 610,
      "price": 0.9877622950819672,
      "type": "BUY",
      "slug": "bitcoin-up-or-down-april-30-2026-11pm-et",
      "eventSlug": "bitcoin-up-or-down-april-30-2026-11pm-et",
      "transactionHash": "0x2f71d54bc7a56c8b6008701ba3348acf34a753c6f4cf03220a790809ba0b8e1d"
    },
    {
      "id": "0xf4089002d7b8d6af4066a4239f788c08b52146aaf2363e2644373b67790efd75:58389730991380235726868542531087058690762163352908563301611948484975927797504:1777606398:BUY",
      "timestamp": 1777606398,
      "user": {
        "id": "0x3fbd7d491d5e6461617a44241e0f8de6b7500731"
      },
      "market": {
        "question": "Will Eric Trump win the 2028 Republican presidential nomination?"
      },
      "outcomeIndex": 1,
      "outcome": "No",
      "amountUSD": "780.66",
      "size": 786.96,
      "price": 0.992,
      "type": "BUY",
      "slug": "will-eric-trump-win-the-2028-republican-presidential-nomination",
      "eventSlug": "republican-presidential-nominee-2028",
      "transactionHash": "0xf4089002d7b8d6af4066a4239f788c08b52146aaf2363e2644373b67790efd75"
    },
    {
      "id": "0x0f127d477f6977d6e3f7981839bdf5f957e598a7586ab485ce89bed72a632f2d:4337300285222923026737531004316816290179657292020117155345759926808632517989:1777606398:SELL",
      "timestamp": 1777606398,
      "user": {
        "id": "0xeb6e07fe4e1620095d6caf228f7dd772ba2cbfd9"
      },
      "market": {
        "question": "Will Belgium win Eurovision 2026?"
      },
      "outcomeIndex": 1,
      "outcome": "No",
      "amountUSD": "137.92",
      "size": 138.47,
      "price": 0.996,
      "type": "SELL",
      "slug": "will-belgium-win-eurovision-2026",
      "eventSlug": "eurovision-winner-2026",
      "transactionHash": "0x0f127d477f6977d6e3f7981839bdf5f957e598a7586ab485ce89bed72a632f2d"
    },
    {
      "id": "0xc0b7991fba8fdba911da29e0b8e3ca0de6b6dd82f311ec9955598d5040238291:45442425344945148629054388646754027198945031826748686202782489747948611240619:1777606396:BUY",
      "timestamp": 1777606396,
      "user": {
        "id": "0xe9076a87c5ed90ef16e6fe6529c943baeca0cff6"
      },
      "market": {
        "question": "Bitcoin Up or Down - April 30, 11:30PM-11:35PM ET"
      },
      "outcomeIndex": 0,
      "outcome": "Up",
      "amountUSD": "149.99",
      "size": 283.088362,
      "price": 0.5298345645166438,
      "type": "BUY",
      "slug": "btc-updown-5m-1777606200",
      "eventSlug": "btc-updown-5m-1777606200",
      "transactionHash": "0xc0b7991fba8fdba911da29e0b8e3ca0de6b6dd82f311ec9955598d5040238291"
    },
    {
      "id": "0x98b4dec1bffc2660aa91d621d3a979fe3a3decef759db0f1ef2cd51c37714d7f:37072820737673550545982947499525351299052704677011952299848670736862285050132:1777606396:SELL",
      "timestamp": 1777606396,
      "user": {
        "id": "0x53757615de1c42b83f893b79d4241a009dc2aeea"
      },
      "market": {
        "question": "Nuggets vs. Timberwolves"
      },
      "outcomeIndex": 1,
      "outcome": "Timberwolves",
      "amountUSD": "328.90",
      "size": 506,
      "price": 0.65,
      "type": "SELL",
      "slug": "nba-den-min-2026-04-30",
      "eventSlug": "nba-den-min-2026-04-30",
      "transactionHash": "0x98b4dec1bffc2660aa91d621d3a979fe3a3decef759db0f1ef2cd51c37714d7f"
    },
    {
      "id": "0x9b8459d8293638dae19e643a71ba6f1ed035d34d254deddd772b8829ebefca85:37072820737673550545982947499525351299052704677011952299848670736862285050132:1777606392:BUY",
      "timestamp": 1777606392,
      "user": {
        "id": "0xdcddf0c728624b76b2955c04cde35cc38f5173a5"
      },
      "market": {
        "question": "Nuggets vs. Timberwolves"
      },
      "outcomeIndex": 1,
      "outcome": "Timberwolves",
      "amountUSD": "300.00",
      "size": 454.545452,
      "price": 0.659999999296,
      "type": "BUY",
      "slug": "nba-den-min-2026-04-30",
      "eventSlug": "nba-den-min-2026-04-30",
      "transactionHash": "0x9b8459d8293638dae19e643a71ba6f1ed035d34d254deddd772b8829ebefca85"
    },
    {
      "id": "0x7727a82899349427146e4b7d3b6df9a234767a9297fa59e4943836a5aa69aa16:104942649192609913825700442400757579142602100704286281267464239496183536823685:1777606392:SELL",
      "timestamp": 1777606392,
      "user": {
        "id": "0xc2f94b22ead20f1132d7c17083af9c6286d88fe3"
      },
      "market": {
        "question": "Will 9 Fed rate cuts happen in 2026?"
      },
      "outcomeIndex": 1,
      "outcome": "No",
      "amountUSD": "134.29",
      "size": 134.69,
      "price": 0.997,
      "type": "SELL",
      "slug": "will-9-fed-rate-cuts-happen-in-2026",
      "eventSlug": "how-many-fed-rate-cuts-in-2026",
      "transactionHash": "0x7727a82899349427146e4b7d3b6df9a234767a9297fa59e4943836a5aa69aa16"
    },
    {
      "id": "0x162fd6ea6b011cc296817384c062b583cc99a65ae55ddb04317436a70f6ac7c4:16823809444426664656659734075024352952545662747949182552111607894172023052067:1777606392:SELL",
      "timestamp": 1777606392,
      "user": {
        "id": "0x56495373160f46df6a6487b8d9547061986d7d4f"
      },
      "market": {
        "question": "Will the St. Louis Cardinals win the 2026 World Series?"
      },
      "outcomeIndex": 1,
      "outcome": "No",
      "amountUSD": "256.74",
      "size": 258.03,
      "price": 0.995,
      "type": "SELL",
      "slug": "will-the-st-louis-cardinals-win-the-2026-world-series",
      "eventSlug": "mlb-world-series-champion-2026",
      "transactionHash": "0x162fd6ea6b011cc296817384c062b583cc99a65ae55ddb04317436a70f6ac7c4"
    },
    {
      "id": "0x61691d9e6ae9c73b5655133e6f5b24699c95836952f2c6e1eeadb1e3d0bef271:58389730991380235726868542531087058690762163352908563301611948484975927797504:1777606390:BUY",
      "timestamp": 1777606390,
      "user": {
        "id": "0x8b43fbf9327d44d4a5d75c6d88f60907de7ca29a"
      },
      "market": {
        "question": "Will Eric Trump win the 2028 Republican presidential nomination?"
      },
      "outcomeIndex": 1,
      "outcome": "No",
      "amountUSD": "780.52",
      "size": 786.81,
      "price": 0.992,
      "type": "BUY",
      "slug": "will-eric-trump-win-the-2028-republican-presidential-nomination",
      "eventSlug": "republican-presidential-nominee-2028",
      "transactionHash": "0x61691d9e6ae9c73b5655133e6f5b24699c95836952f2c6e1eeadb1e3d0bef271"
    },
    {
      "id": "0xd3fce23018a4b51921a41f9b1b9b4526cfe5600c256a6e6db46806855a4c7a26:82149110067979470707461735036792617981060265491561473691799265056474452809853:1777606390:BUY",
      "timestamp": 1777606390,
      "user": {
        "id": "0xe1b537a593c8115c327ce07e7b7f4560f5b620ac"
      },
      "market": {
        "question": "MegaETH market cap (FDV) >$4B one day after launch?"
      },
      "outcomeIndex": 1,
      "outcome": "No",
      "amountUSD": "101.43",
      "size": 101.53,
      "price": 0.999,
      "type": "BUY",
      "slug": "megaeth-market-cap-fdv-4b-one-day-after-launch-484-688-448-486-873-133-182",
      "eventSlug": "megaeth-market-cap-fdv-one-day-after-launch",
      "transactionHash": "0xd3fce23018a4b51921a41f9b1b9b4526cfe5600c256a6e6db46806855a4c7a26"
    },
    {
      "id": "0x1ea936ec0846a8111a3af6d2a83efbef701b0f8cd264261f00fec48adc9d338a:77358669988571740141708171479041277740184366162566520167516426574366172236183:1777606390:SELL",
      "timestamp": 1777606390,
      "user": {
        "id": "0xd2969ab58dc93ae0d11492ca21c187e8ccb35639"
      },
      "market": {
        "question": "Bitcoin Up or Down - April 30, 11:30PM-11:35PM ET"
      },
      "outcomeIndex": 1,
      "outcome": "Down",
      "amountUSD": "144.28",
      "size": 339.44,
      "price": 0.4250603935894414,
      "type": "SELL",
      "slug": "btc-updown-5m-1777606200",
      "eventSlug": "btc-updown-5m-1777606200",
      "transactionHash": "0x1ea936ec0846a8111a3af6d2a83efbef701b0f8cd264261f00fec48adc9d338a"
    },
    {
      "id": "0x79b5689c9626af78e2431b5bd3f178cf53f62ec90fe11c559c67fb326ad3e2a6:106660421989099153519566017325763937131595116411309085311259630296877024278025:1777606386:BUY",
      "timestamp": 1777606386,
      "user": {
        "id": "0xfd206bd4473bb519b3770955339f12eb089513e2"
      },
      "market": {
        "question": "Will XRP dip to $1.35 on April 30?"
      },
      "outcomeIndex": 1,
      "outcome": "No",
      "amountUSD": "199.80",
      "size": 200,
      "price": 0.999,
      "type": "BUY",
      "slug": "will-xrp-dip-to-1pt35-on-april-30",
      "eventSlug": "what-price-will-xrp-hit-on-april-30",
      "transactionHash": "0x79b5689c9626af78e2431b5bd3f178cf53f62ec90fe11c559c67fb326ad3e2a6"
    },
    {
      "id": "0xe71607353a7325b380a0120cdd80014b95dc32a3b6ff485de2051981d991f85a:82149110067979470707461735036792617981060265491561473691799265056474452809853:1777606386:BUY",
      "timestamp": 1777606386,
      "user": {
        "id": "0xe1b537a593c8115c327ce07e7b7f4560f5b620ac"
      },
      "market": {
        "question": "MegaETH market cap (FDV) >$4B one day after launch?"
      },
      "outcomeIndex": 1,
      "outcome": "No",
      "amountUSD": "101.43",
      "size": 101.53,
      "price": 0.999,
      "type": "BUY",
      "slug": "megaeth-market-cap-fdv-4b-one-day-after-launch-484-688-448-486-873-133-182",
      "eventSlug": "megaeth-market-cap-fdv-one-day-after-launch",
      "transactionHash": "0xe71607353a7325b380a0120cdd80014b95dc32a3b6ff485de2051981d991f85a"
    },
    {
      "id": "0x96868f7f8ec5e564cea9f62aa92b2924e5ab4b7cdebe8bedaf92aca844f0f4c5:68633013825434166548260511831725682590285985025675211357136649702023732503212:1777606386:SELL",
      "timestamp": 1777606386,
      "user": {
        "id": "0x1a967b272e98b708fb26a947a50c23785ac29797"
      },
      "market": {
        "question": "Will Eric Swalwell win the California Governor Election in 2026?"
      },
      "outcomeIndex": 1,
      "outcome": "No",
      "amountUSD": "490.08",
      "size": 491.06,
      "price": 0.998,
      "type": "SELL",
      "slug": "will-eric-swalwell-win-the-california-governor-election-in-2026",
      "eventSlug": "california-governor-election-2026",
      "transactionHash": "0x96868f7f8ec5e564cea9f62aa92b2924e5ab4b7cdebe8bedaf92aca844f0f4c5"
    },
    {
      "id": "0xafa6b52f9cc7ea09b104918a5c9fbb7dddc13ae8071731a2797b52766fedbd20:37072820737673550545982947499525351299052704677011952299848670736862285050132:1777606384:SELL",
      "timestamp": 1777606384,
      "user": {
        "id": "0x5b6331e7ff0831a3fe2ed12004747db1a9c911a4"
      },
      "market": {
        "question": "Nuggets vs. Timberwolves"
      },
      "outcomeIndex": 1,
      "outcome": "Timberwolves",
      "amountUSD": "237.90",
      "size": 366,
      "price": 0.65,
      "type": "SELL",
      "slug": "nba-den-min-2026-04-30",
      "eventSlug": "nba-den-min-2026-04-30",
      "transactionHash": "0xafa6b52f9cc7ea09b104918a5c9fbb7dddc13ae8071731a2797b52766fedbd20"
    },
    {
      "id": "0xbe1aebff4bf58bf1fa680a8a562cd498c5f9d49b835d24208edef2ab4eaf5270:58389730991380235726868542531087058690762163352908563301611948484975927797504:1777606382:BUY",
      "timestamp": 1777606382,
      "user": {
        "id": "0xeece8a22e35a40bd8a66360a246f6b067f494c4e"
      },
      "market": {
        "question": "Will Eric Trump win the 2028 Republican presidential nomination?"
      },
      "outcomeIndex": 1,
      "outcome": "No",
      "amountUSD": "780.36",
      "size": 786.65,
      "price": 0.992,
      "type": "BUY",
      "slug": "will-eric-trump-win-the-2028-republican-presidential-nomination",
      "eventSlug": "republican-presidential-nominee-2028",
      "transactionHash": "0xbe1aebff4bf58bf1fa680a8a562cd498c5f9d49b835d24208edef2ab4eaf5270"
    },
    {
      "id": "0xdc1ed03a06a5031114aaeb5f927c130e97e6d0575abafdf1575a8443c3a7249f:112680630004798425069810935278212000865453267506345451433803052322987302357330:1777606382:BUY",
      "timestamp": 1777606382,
      "user": {
        "id": "0x70080684411edfceeaddc87e2ba3997e2459aa70"
      },
      "market": {
        "question": "Will Spain win the 2026 FIFA World Cup?"
      },
      "outcomeIndex": 1,
      "outcome": "No",
      "amountUSD": "350.00",
      "size": 412.735848,
      "price": 0.8479999997480229,
      "type": "BUY",
      "slug": "will-spain-win-the-2026-fifa-world-cup-963",
      "eventSlug": "2026-fifa-world-cup-winner-595",
      "transactionHash": "0xdc1ed03a06a5031114aaeb5f927c130e97e6d0575abafdf1575a8443c3a7249f"
    },
    {
      "id": "0xf0029c3596a7ba9ff877c55d74c8c3744179235d3a5ce699fd0ffbc4cffb3358:41054916495347957510087691174345858426588337259427885853416998968409113903196:1777606380:BUY",
      "timestamp": 1777606380,
      "user": {
        "id": "0x0eb9ae0d153cc864335f1e6bcf4125c5284bbb3c"
      },
      "market": {
        "question": "Nuggets vs. Timberwolves"
      },
      "outcomeIndex": 0,
      "outcome": "Nuggets",
      "amountUSD": "500.00",
      "size": 1428.571427,
      "price": 0.349999999685,
      "type": "BUY",
      "slug": "nba-den-min-2026-04-30",
      "eventSlug": "nba-den-min-2026-04-30",
      "transactionHash": "0xf0029c3596a7ba9ff877c55d74c8c3744179235d3a5ce699fd0ffbc4cffb3358"
    },
    {
      "id": "0x24d5b9a16464e52065eec9de0b6057b9f872729c7e0138a76cdc34019a91e1c6:58389730991380235726868542531087058690762163352908563301611948484975927797504:1777606378:BUY",
      "timestamp": 1777606378,
      "user": {
        "id": "0xba4ca0a7297fd331680fb87edbe7e2055fe941a3"
      },
      "market": {
        "question": "Will Eric Trump win the 2028 Republican presidential nomination?"
      },
      "outcomeIndex": 1,
      "outcome": "No",
      "amountUSD": "780.30",
      "size": 786.59,
      "price": 0.992,
      "type": "BUY",
      "slug": "will-eric-trump-win-the-2028-republican-presidential-nomination",
      "eventSlug": "republican-presidential-nominee-2028",
      "transactionHash": "0x24d5b9a16464e52065eec9de0b6057b9f872729c7e0138a76cdc34019a91e1c6"
    },
    {
      "id": "0x3a8864bce02cf7f98dca8d8312267d9d23b6d260fa006c0b14755e0b29ef591e:19291692040378529618917910599727571242305935029274321291612270922648172794670:1777606378:SELL",
      "timestamp": 1777606378,
      "user": {
        "id": "0x8c2474db7a879223b4f84ff9763138ebe24a220f"
      },
      "market": {
        "question": "Will Uruguay win the 2026 FIFA World Cup?"
      },
      "outcomeIndex": 1,
      "outcome": "No",
      "amountUSD": "212.79",
      "size": 215.16,
      "price": 0.989,
      "type": "SELL",
      "slug": "will-uruguay-win-the-2026-fifa-world-cup-932",
      "eventSlug": "2026-fifa-world-cup-winner-595",
      "transactionHash": "0x3a8864bce02cf7f98dca8d8312267d9d23b6d260fa006c0b14755e0b29ef591e"
    },
    {
      "id": "0x78b885dd7ec63e8fde70b95359b79c532bdad54d4283130004c435a3097eabcb:39855710459021144315313680027944497052852502151435637741338036167052393883384:1777606376:BUY",
      "timestamp": 1777606376,
      "user": {
        "id": "0x37e8e31a6e7202980a854dcb668c3d7d445564e4"
      },
      "market": {
        "question": "Will the highest temperature in Madrid be 21\u00b0C on May 1?"
      },
      "outcomeIndex": 1,
      "outcome": "No",
      "amountUSD": "150.00",
      "size": 150.232621,
      "price": 0.9984515812980458,
      "type": "BUY",
      "slug": "highest-temperature-in-madrid-on-may-1-2026-21c",
      "eventSlug": "highest-temperature-in-madrid-on-may-1-2026",
      "transactionHash": "0x78b885dd7ec63e8fde70b95359b79c532bdad54d4283130004c435a3097eabcb"
    },
    {
      "id": "0x1ff7ed54c03a9dee8cec9f9b5932c45fa8b55d39a8ceaad08904ac6de195b6ee:37072820737673550545982947499525351299052704677011952299848670736862285050132:1777606376:BUY",
      "timestamp": 1777606376,
      "user": {
        "id": "0xf8192b0d4a9edc1894d24ccc64069c8308ebd410"
      },
      "market": {
        "question": "Nuggets vs. Timberwolves"
      },
      "outcomeIndex": 1,
      "outcome": "Timberwolves",
      "amountUSD": "1320.00",
      "size": 2000,
      "price": 0.66,
      "type": "BUY",
      "slug": "nba-den-min-2026-04-30",
      "eventSlug": "nba-den-min-2026-04-30",
      "transactionHash": "0x1ff7ed54c03a9dee8cec9f9b5932c45fa8b55d39a8ceaad08904ac6de195b6ee"
    },
    {
      "id": "0x7b6328fe13e71ae0a1ae9254123a2793c63bf86877d0c1b9104e81ae2f08c381:100297578629699403208665948730031291871216767534595550828919035864255991611215:1777606374:BUY",
      "timestamp": 1777606374,
      "user": {
        "id": "0xeffe2dd3cc4376546aa0dc8549d68558e2195efa"
      },
      "market": {
        "question": "Strait of Hormuz traffic returns to normal by end of May?"
      },
      "outcomeIndex": 1,
      "outcome": "No",
      "amountUSD": "150.00",
      "size": 187.5,
      "price": 0.8,
      "type": "BUY",
      "slug": "strait-of-hormuz-traffic-returns-to-normal-by-end-of-may",
      "eventSlug": "strait-of-hormuz-traffic-returns-to-normal-by-end-of-may",
      "transactionHash": "0x7b6328fe13e71ae0a1ae9254123a2793c63bf86877d0c1b9104e81ae2f08c381"
    },
    {
      "id": "0xd74a022c2441bbb83dbe9c65fbc4a7e1c7356ad81f1db263e48ff9887cd3c386:42050692835353024345410626926327130753509907481542310401371103918230106071389:1777606374:SELL",
      "timestamp": 1777606374,
      "user": {
        "id": "0x44fe8c91519d4eb7d7428f88867adcf99f705c40"
      },
      "market": {
        "question": "Will Elon Musk post 160-179 tweets from April 24 to May 1, 2026?"
      },
      "outcomeIndex": 1,
      "outcome": "No",
      "amountUSD": "657.52",
      "size": 658.18,
      "price": 0.999,
      "type": "SELL",
      "slug": "elon-musk-of-tweets-april-24-may-1-160-179",
      "eventSlug": "elon-musk-of-tweets-april-24-may-1",
      "transactionHash": "0xd74a022c2441bbb83dbe9c65fbc4a7e1c7356ad81f1db263e48ff9887cd3c386"
    },
    {
      "id": "0x777c1a65d9dd3bbd17cc09a57832568b64796feead6471de42a4f78568739411:69727421603231227453181655442677441322028725849495647325726292556190704508348:1777606374:BUY",
      "timestamp": 1777606374,
      "user": {
        "id": "0x4512186b9c9d3fa978efed1c11b65280e551af71"
      },
      "market": {
        "question": "Will Canada win the 2026 FIFA World Cup?"
      },
      "outcomeIndex": 1,
      "outcome": "No",
      "amountUSD": "179.00",
      "size": 180.080333,
      "price": 0.9939999999888939,
      "type": "BUY",
      "slug": "will-canada-win-the-2026-fifa-world-cup-755",
      "eventSlug": "2026-fifa-world-cup-winner-595",
      "transactionHash": "0x777c1a65d9dd3bbd17cc09a57832568b64796feead6471de42a4f78568739411"
    },
    {
      "id": "0x4df46ac180910ad582122d07931b2b1559d4a78c22d5c9b48922c93bee5e0ca1:25245826787224338410010088676982472331814131701235656578925446163384798724305:1777606374:SELL",
      "timestamp": 1777606374,
      "user": {
        "id": "0x156b1a354e7b56b8a39a3b860d0352bdea1c0f5b"
      },
      "market": {
        "question": "Will Mauricio C\u00e1rdenas win the 1st round of the 2026 Colombian presidential election?"
      },
      "outcomeIndex": 1,
      "outcome": "No",
      "amountUSD": "443.49",
      "size": 444.38,
      "price": 0.998,
      "type": "SELL",
      "slug": "will-mauricio-crdenas-win-the-1st-round-of-the-2026-colombian-presidential-election",
      "eventSlug": "colombia-presidential-election-1st-round-winner",
      "transactionHash": "0x4df46ac180910ad582122d07931b2b1559d4a78c22d5c9b48922c93bee5e0ca1"
    },
    {
      "id": "0x917c1cbeabd4409e6719d2db47e87d0fc10f9f4bf035906586cc5b80cfa154ad:58389730991380235726868542531087058690762163352908563301611948484975927797504:1777606372:BUY",
      "timestamp": 1777606372,
      "user": {
        "id": "0x2e6bf46865871f58f5e0bd937c1a9a49849cb82f"
      },
      "market": {
        "question": "Will Eric Trump win the 2028 Republican presidential nomination?"
      },
      "outcomeIndex": 1,
      "outcome": "No",
      "amountUSD": "779.94",
      "size": 786.23,
      "price": 0.992,
      "type": "BUY",
      "slug": "will-eric-trump-win-the-2028-republican-presidential-nomination",
      "eventSlug": "republican-presidential-nominee-2028",
      "transactionHash": "0x917c1cbeabd4409e6719d2db47e87d0fc10f9f4bf035906586cc5b80cfa154ad"
    },
    {
      "id": "0x3a64740feb34e22618d929eb32cfa76fd39de5ebd442173642ebb246af1b8219:82149110067979470707461735036792617981060265491561473691799265056474452809853:1777606372:BUY",
      "timestamp": 1777606372,
      "user": {
        "id": "0xe1b537a593c8115c327ce07e7b7f4560f5b620ac"
      },
      "market": {
        "question": "MegaETH market cap (FDV) >$4B one day after launch?"
      },
      "outcomeIndex": 1,
      "outcome": "No",
      "amountUSD": "101.43",
      "size": 101.53,
      "price": 0.999,
      "type": "BUY",
      "slug": "megaeth-market-cap-fdv-4b-one-day-after-launch-484-688-448-486-873-133-182",
      "eventSlug": "megaeth-market-cap-fdv-one-day-after-launch",
      "transactionHash": "0x3a64740feb34e22618d929eb32cfa76fd39de5ebd442173642ebb246af1b8219"
    },
    {
      "id": "0x8292e7578eb9d4cb8f32e592e7cb26e58736b4a967ccca2194d6e7a633e47d5b:88605898352367033258462487175159429424749094619682932963579902895639693688640:1777606372:BUY",
      "timestamp": 1777606372,
      "user": {
        "id": "0x7bff96579b20fe3530e140d6a3c223c9f2127cd6"
      },
      "market": {
        "question": "Will the highest temperature in Lagos be 37\u00b0C or higher on May 2?"
      },
      "outcomeIndex": 1,
      "outcome": "No",
      "amountUSD": "359.73",
      "size": 363,
      "price": 0.991,
      "type": "BUY",
      "slug": "highest-temperature-in-lagos-on-may-2-2026-37corhigher",
      "eventSlug": "highest-temperature-in-lagos-on-may-2-2026",
      "transactionHash": "0x8292e7578eb9d4cb8f32e592e7cb26e58736b4a967ccca2194d6e7a633e47d5b"
    },
    {
      "id": "0x49575298c92b102737580e70644f6cba5294cabab6f9bbbbb6c6907ef1895e6d:91586836250703487897980189996042669631032787070492012196586048839168425742200:1777606372:BUY",
      "timestamp": 1777606372,
      "user": {
        "id": "0xa6afb379ba5cd65e7d59ee5b8e5dbe4c0bf9b5ef"
      },
      "market": {
        "question": "Will Virtus Entella win on 2026-05-01?"
      },
      "outcomeIndex": 1,
      "outcome": "No",
      "amountUSD": "200.00",
      "size": 312.5,
      "price": 0.64,
      "type": "BUY",
      "slug": "itsb-bar-ent-2026-05-01-ent",
      "eventSlug": "itsb-bar-ent-2026-05-01",
      "transactionHash": "0x49575298c92b102737580e70644f6cba5294cabab6f9bbbbb6c6907ef1895e6d"
    },
    {
      "id": "0x7123121d7e050b6d0443ea2598d71ba00f50ba658d6d613fe6f0d75502a34880:56053038541864358441857746754592801264383671506772289562192741773380571424739:1777606368:BUY",
      "timestamp": 1777606368,
      "user": {
        "id": "0x441d58226c2ba9ca4b36a0987e8c69d5d3e2544d"
      },
      "market": {
        "question": "Spread: Nuggets (-7.5)"
      },
      "outcomeIndex": 1,
      "outcome": "Timberwolves",
      "amountUSD": "223.33",
      "size": 248.14,
      "price": 0.9,
      "type": "BUY",
      "slug": "nba-den-min-2026-04-30-spread-away-7pt5",
      "eventSlug": "nba-den-min-2026-04-30",
      "transactionHash": "0x7123121d7e050b6d0443ea2598d71ba00f50ba658d6d613fe6f0d75502a34880"
    },
    {
      "id": "0x772d1024c7d742f4129e7dc3c627c4a75a2b6c9d7a4f19b4e243e6a2938ca0e7:66117887967507766346805282187200054436784809100133207745744497041712315742442:1777606368:BUY",
      "timestamp": 1777606368,
      "user": {
        "id": "0x8320b90db15e5b777e5a023b5ba3cfa214d4904e"
      },
      "market": {
        "question": "Bitcoin Up or Down - April 30, 11:30PM-11:45PM ET"
      },
      "outcomeIndex": 1,
      "outcome": "Down",
      "amountUSD": "102.56",
      "size": 197.04,
      "price": 0.5205075111652456,
      "type": "BUY",
      "slug": "btc-updown-15m-1777606200",
      "eventSlug": "btc-updown-15m-1777606200",
      "transactionHash": "0x772d1024c7d742f4129e7dc3c627c4a75a2b6c9d7a4f19b4e243e6a2938ca0e7"
    },
    {
      "id": "0x4d93f8c5d7d57451db4c14a12e8b62041f1880682f105c7f85818fde43265e67:58389730991380235726868542531087058690762163352908563301611948484975927797504:1777606366:BUY",
      "timestamp": 1777606366,
      "user": {
        "id": "0x7ee9339eabf08e81597fefc4c3e88a4ee57f684f"
      },
      "market": {
        "question": "Will Eric Trump win the 2028 Republican presidential nomination?"
      },
      "outcomeIndex": 1,
      "outcome": "No",
      "amountUSD": "779.90",
      "size": 786.19,
      "price": 0.992,
      "type": "BUY",
      "slug": "will-eric-trump-win-the-2028-republican-presidential-nomination",
      "eventSlug": "republican-presidential-nominee-2028",
      "transactionHash": "0x4d93f8c5d7d57451db4c14a12e8b62041f1880682f105c7f85818fde43265e67"
    },
    {
      "id": "0x76bd766fd3226d7d5d6ec53f8a7ec32843fcf9c3141ca1745a9797e38712d050:37072820737673550545982947499525351299052704677011952299848670736862285050132:1777606366:SELL",
      "timestamp": 1777606366,
      "user": {
        "id": "0x53757615de1c42b83f893b79d4241a009dc2aeea"
      },
      "market": {
        "question": "Nuggets vs. Timberwolves"
      },
      "outcomeIndex": 1,
      "outcome": "Timberwolves",
      "amountUSD": "196.95",
      "size": 303,
      "price": 0.65,
      "type": "SELL",
      "slug": "nba-den-min-2026-04-30",
      "eventSlug": "nba-den-min-2026-04-30",
      "transactionHash": "0x76bd766fd3226d7d5d6ec53f8a7ec32843fcf9c3141ca1745a9797e38712d050"
    },
    {
      "id": "0x387df4f824d9e8fce9d5d25f9fdceb48279955cd3d5df6771dda71997a10dcfd:107082392302280982206916804096852125268231602712502242059060429205673422781590:1777606364:BUY",
      "timestamp": 1777606364,
      "user": {
        "id": "0x305dcec605fd8717e346f65ebc116e7dcdb8f2e5"
      },
      "market": {
        "question": "Will the highest temperature in Jakarta be 28\u00b0C or below on May 2?"
      },
      "outcomeIndex": 1,
      "outcome": "No",
      "amountUSD": "230.77",
      "size": 231,
      "price": 0.999,
      "type": "BUY",
      "slug": "highest-temperature-in-jakarta-on-may-2-2026-28corbelow",
      "eventSlug": "highest-temperature-in-jakarta-on-may-2-2026",
      "transactionHash": "0x387df4f824d9e8fce9d5d25f9fdceb48279955cd3d5df6771dda71997a10dcfd"
    },
    {
      "id": "0x5cf97d171cd95b609ce0aa4a7881e605c512c9ffb4747dc47c17f839d71639fb:71864364978328170987231809587515956600872191121101050966925746428787298178478:1777606364:BUY",
      "timestamp": 1777606364,
      "user": {
        "id": "0x714b40d6b89aee6fcad59df47df44ddde7b783af"
      },
      "market": {
        "question": "Will the lowest temperature in Tokyo be 9\u00b0C on May 1?"
      },
      "outcomeIndex": 1,
      "outcome": "No",
      "amountUSD": "133.83",
      "size": 134,
      "price": 0.9987146268656717,
      "type": "BUY",
      "slug": "lowest-temperature-in-tokyo-on-may-1-2026-9c",
      "eventSlug": "lowest-temperature-in-tokyo-on-may-1-2026",
      "transactionHash": "0x5cf97d171cd95b609ce0aa4a7881e605c512c9ffb4747dc47c17f839d71639fb"
    },
    {
      "id": "0xb6f596bdcecc3fa8f7913cf8d262042523a0abf9f764f77dad9e2897c54ec10d:37072820737673550545982947499525351299052704677011952299848670736862285050132:1777606362:BUY",
      "timestamp": 1777606362,
      "user": {
        "id": "0x8dd10e3a2570d3d62440f0e7f988aff7223f5a9b"
      },
      "market": {
        "question": "Nuggets vs. Timberwolves"
      },
      "outcomeIndex": 1,
      "outcome": "Timberwolves",
      "amountUSD": "3000.00",
      "size": 4545.454544,
      "price": 0.6599999999912,
      "type": "BUY",
      "slug": "nba-den-min-2026-04-30",
      "eventSlug": "nba-den-min-2026-04-30",
      "transactionHash": "0xb6f596bdcecc3fa8f7913cf8d262042523a0abf9f764f77dad9e2897c54ec10d"
    },
    {
      "id": "0x1db0e231a5f9b057901d6f52c6b47e7fbea1aab63135876979497bbe3c68b13b:37072820737673550545982947499525351299052704677011952299848670736862285050132:1777606362:BUY",
      "timestamp": 1777606362,
      "user": {
        "id": "0x14957d977d244dcafeae11d31022c699e68bd3f9"
      },
      "market": {
        "question": "Nuggets vs. Timberwolves"
      },
      "outcomeIndex": 1,
      "outcome": "Timberwolves",
      "amountUSD": "170.00",
      "size": 257.575755,
      "price": 0.6599999988352941,
      "type": "BUY",
      "slug": "nba-den-min-2026-04-30",
      "eventSlug": "nba-den-min-2026-04-30",
      "transactionHash": "0x1db0e231a5f9b057901d6f52c6b47e7fbea1aab63135876979497bbe3c68b13b"
    },
    {
      "id": "0x11218052357d81dd69dfd7eafdd13d15720705d70635150abd42679c23fa2867:67427191791815068910367164354907762897739120962449893449251138341231627575633:1777606360:BUY",
      "timestamp": 1777606360,
      "user": {
        "id": "0x736ad598bd5ed5c5b3a406f7b821034653d49c7e"
      },
      "market": {
        "question": "Will Ted Cruz win the 2028 Republican presidential nomination?"
      },
      "outcomeIndex": 1,
      "outcome": "No",
      "amountUSD": "202.00",
      "size": 204.0404,
      "price": 0.99,
      "type": "BUY",
      "slug": "will-ted-cruz-win-the-2028-republican-presidential-nomination",
      "eventSlug": "republican-presidential-nominee-2028",
      "transactionHash": "0x11218052357d81dd69dfd7eafdd13d15720705d70635150abd42679c23fa2867"
    },
    {
      "id": "0x71e540b27decad116e1e7a292cde879c4b7276b621acff67c8f37e9849a0dd5f:41054916495347957510087691174345858426588337259427885853416998968409113903196:1777606360:BUY",
      "timestamp": 1777606360,
      "user": {
        "id": "0x3cbe101c07f6d40e67d26da834e0a0b2a2bb335c"
      },
      "market": {
        "question": "Nuggets vs. Timberwolves"
      },
      "outcomeIndex": 0,
      "outcome": "Nuggets",
      "amountUSD": "120.00",
      "size": 342.857141,
      "price": 0.34999999897916667,
      "type": "BUY",
      "slug": "nba-den-min-2026-04-30",
      "eventSlug": "nba-den-min-2026-04-30",
      "transactionHash": "0x71e540b27decad116e1e7a292cde879c4b7276b621acff67c8f37e9849a0dd5f"
    },
    {
      "id": "0x066aa3a5b66e9089b9858522d8b7add337f7311a5aaf33a5493bf886b2dcd8d5:41054916495347957510087691174345858426588337259427885853416998968409113903196:1777606360:SELL",
      "timestamp": 1777606360,
      "user": {
        "id": "0xa2c60f064b58ca18be11b22b8ab9adc6c502d14d"
      },
      "market": {
        "question": "Nuggets vs. Timberwolves"
      },
      "outcomeIndex": 0,
      "outcome": "Nuggets",
      "amountUSD": "2551.70",
      "size": 7505,
      "price": 0.34,
      "type": "SELL",
      "slug": "nba-den-min-2026-04-30",
      "eventSlug": "nba-den-min-2026-04-30",
      "transactionHash": "0x066aa3a5b66e9089b9858522d8b7add337f7311a5aaf33a5493bf886b2dcd8d5"
    },
    {
      "id": "0xee4c32061ceffc3598ddabd81f40f55b2bd345965fa6e56e34471edfb1bce726:60573194570924524247685239045574325895068653692993458932409067233336946442531:1777606358:BUY",
      "timestamp": 1777606358,
      "user": {
        "id": "0xd934049d1369190c9307fff692211cd323cd60a0"
      },
      "market": {
        "question": "Will the highest temperature in Shanghai be 28\u00b0C on May 1?"
      },
      "outcomeIndex": 1,
      "outcome": "No",
      "amountUSD": "217.73",
      "size": 218.824,
      "price": 0.995,
      "type": "BUY",
      "slug": "highest-temperature-in-shanghai-on-may-1-2026-28c",
      "eventSlug": "highest-temperature-in-shanghai-on-may-1-2026",
      "transactionHash": "0xee4c32061ceffc3598ddabd81f40f55b2bd345965fa6e56e34471edfb1bce726"
    },
    {
      "id": "0xe5d27432358126056cfbb1731775a380f351ea033d2cba07385cd7b83c591eeb:58389730991380235726868542531087058690762163352908563301611948484975927797504:1777606358:BUY",
      "timestamp": 1777606358,
      "user": {
        "id": "0x3e42c244e273aa1602feca805cd4dec3f535495d"
      },
      "market": {
        "question": "Will Eric Trump win the 2028 Republican presidential nomination?"
      },
      "outcomeIndex": 1,
      "outcome": "No",
      "amountUSD": "779.67",
      "size": 785.96,
      "price": 0.992,
      "type": "BUY",
      "slug": "will-eric-trump-win-the-2028-republican-presidential-nomination",
      "eventSlug": "republican-presidential-nominee-2028",
      "transactionHash": "0xe5d27432358126056cfbb1731775a380f351ea033d2cba07385cd7b83c591eeb"
    },
    {
      "id": "0x29610b29ad816451dd7621a7ce60a9e69063a04a6762b46938999252d18dcb90:112259124291065540091737990770278072009517400373539739452809023912455240439676:1777606358:BUY",
      "timestamp": 1777606358,
      "user": {
        "id": "0x8af8063a27b7bc2c69ba5e8b590ec646413aadc5"
      },
      "market": {
        "question": "Will the lowest temperature in Miami be between 84-85\u00b0F on May 1?"
      },
      "outcomeIndex": 1,
      "outcome": "No",
      "amountUSD": "115.78",
      "size": 115.9,
      "price": 0.999,
      "type": "BUY",
      "slug": "lowest-temperature-in-miami-on-may-1-2026-84-85f",
      "eventSlug": "lowest-temperature-in-miami-on-may-1-2026",
      "transactionHash": "0x29610b29ad816451dd7621a7ce60a9e69063a04a6762b46938999252d18dcb90"
    },
    {
      "id": "0x4c45dc0f9ca6539b011ab5cb0c816389757113e2ccb0fa11787fa5ca0277ff44:58451805222967000500347402883594390746225292637162246081782165844737451490078:1777606358:BUY",
      "timestamp": 1777606358,
      "user": {
        "id": "0xc4d5a24a240ec9f52669e3251e0473fd0c5687cf"
      },
      "market": {
        "question": "Will Elon Musk post 180-199 tweets from April 24 to May 1, 2026?"
      },
      "outcomeIndex": 0,
      "outcome": "Yes",
      "amountUSD": "148.00",
      "size": 200,
      "price": 0.74,
      "type": "BUY",
      "slug": "elon-musk-of-tweets-april-24-may-1-180-199",
      "eventSlug": "elon-musk-of-tweets-april-24-may-1",
      "transactionHash": "0x4c45dc0f9ca6539b011ab5cb0c816389757113e2ccb0fa11787fa5ca0277ff44"
    },
    {
      "id": "0xfa85dfb84557f662907a56d2b97d0674ae0f6fff95ddc600ead941fdc24d9040:72519808073108999474312955064075820476359073658026830985534265136852842710652:1777606356:BUY",
      "timestamp": 1777606356,
      "user": {
        "id": "0x94cdbe71d385c371c12f7449665ccd92220432d5"
      },
      "market": {
        "question": "Will Tulsi Gabbard win the 2028 Republican presidential nomination?"
      },
      "outcomeIndex": 1,
      "outcome": "No",
      "amountUSD": "113.00",
      "size": 114.256818,
      "price": 0.9889999999824955,
      "type": "BUY",
      "slug": "will-tulsi-gabbard-win-the-2028-republican-presidential-nomination",
      "eventSlug": "republican-presidential-nominee-2028",
      "transactionHash": "0xfa85dfb84557f662907a56d2b97d0674ae0f6fff95ddc600ead941fdc24d9040"
    },
    {
      "id": "0x4cddb08c8e41c3b9ad85d02abdf60fc8975289a8a252c4b98d49049c03783d9b:41054916495347957510087691174345858426588337259427885853416998968409113903196:1777606356:BUY",
      "timestamp": 1777606356,
      "user": {
        "id": "0xbce180fd338df4344c5e86044b3623ceb7f1565d"
      },
      "market": {
        "question": "Nuggets vs. Timberwolves"
      },
      "outcomeIndex": 0,
      "outcome": "Nuggets",
      "amountUSD": "124.00",
      "size": 354.285713,
      "price": 0.3499999984475806,
      "type": "BUY",
      "slug": "nba-den-min-2026-04-30",
      "eventSlug": "nba-den-min-2026-04-30",
      "transactionHash": "0x4cddb08c8e41c3b9ad85d02abdf60fc8975289a8a252c4b98d49049c03783d9b"
    },
    {
      "id": "0xa0e97bd0f91270b98939d4b1004b61c0329ce5923d1cf8b919cba0d3c1344ac4:94712024491963035608767886839901208268816597536928378632226824531439246517327:1777606354:BUY",
      "timestamp": 1777606354,
      "user": {
        "id": "0x63c654f5b0d420add67ace600b4ab795a5b4d030"
      },
      "market": {
        "question": "Ethereum Up or Down - April 30, 11:30PM-11:35PM ET"
      },
      "outcomeIndex": 0,
      "outcome": "Up",
      "amountUSD": "178.00",
      "size": 215.51724,
      "price": 0.825919996005888,
      "type": "BUY",
      "slug": "eth-updown-5m-1777606200",
      "eventSlug": "eth-updown-5m-1777606200",
      "transactionHash": "0xa0e97bd0f91270b98939d4b1004b61c0329ce5923d1cf8b919cba0d3c1344ac4"
    },
    {
      "id": "0x52a4cdb16652613c8234395d638b5ccba3ee3fcf946b1f327319bea9a441c620:45442425344945148629054388646754027198945031826748686202782489747948611240619:1777606352:BUY",
      "timestamp": 1777606352,
      "user": {
        "id": "0x5165b0d1753ae5e6fc0aa2fa598f17a00db3872f"
      },
      "market": {
        "question": "Bitcoin Up or Down - April 30, 11:30PM-11:35PM ET"
      },
      "outcomeIndex": 0,
      "outcome": "Up",
      "amountUSD": "300.00",
      "size": 381.994809,
      "price": 0.7853509836569533,
      "type": "BUY",
      "slug": "btc-updown-5m-1777606200",
      "eventSlug": "btc-updown-5m-1777606200",
      "transactionHash": "0x52a4cdb16652613c8234395d638b5ccba3ee3fcf946b1f327319bea9a441c620"
    },
    {
      "id": "0x42c918af52650152a7880d513f53a159c743f8ad27c2f22fb7b16ff1a98e75e0:58389730991380235726868542531087058690762163352908563301611948484975927797504:1777606352:BUY",
      "timestamp": 1777606352,
      "user": {
        "id": "0x9d6de59cbea7a491bc273b497be9c5ed8851178b"
      },
      "market": {
        "question": "Will Eric Trump win the 2028 Republican presidential nomination?"
      },
      "outcomeIndex": 1,
      "outcome": "No",
      "amountUSD": "779.65",
      "size": 785.94,
      "price": 0.992,
      "type": "BUY",
      "slug": "will-eric-trump-win-the-2028-republican-presidential-nomination",
      "eventSlug": "republican-presidential-nominee-2028",
      "transactionHash": "0x42c918af52650152a7880d513f53a159c743f8ad27c2f22fb7b16ff1a98e75e0"
    },
    {
      "id": "0x61bda5b347de9e45e2b396cdd7ff0abbec355e77eac0b7c9d86e8c22e35c6c25:64703998724474008677827057135436893758254552168142785204605792475717308499827:1777606352:BUY",
      "timestamp": 1777606352,
      "user": {
        "id": "0x45e856f0023259664606b6c370e82d072b24cc6c"
      },
      "market": {
        "question": "Will Keiko Fujimori win the 2026 Peruvian presidential election?"
      },
      "outcomeIndex": 0,
      "outcome": "Yes",
      "amountUSD": "198.00",
      "size": 300,
      "price": 0.66,
      "type": "BUY",
      "slug": "will-keiko-fujimori-win-the-2026-peruvian-presidential-election",
      "eventSlug": "peru-presidential-election-winner",
      "transactionHash": "0x61bda5b347de9e45e2b396cdd7ff0abbec355e77eac0b7c9d86e8c22e35c6c25"
    },
    {
      "id": "0x714dc50f9466b342f348c50cdbd08385dcd53083696fe9a7723eabb031ef7f61:80278496757135100362176134513619100113566384177540666184155692142083646836295:1777606352:BUY",
      "timestamp": 1777606352,
      "user": {
        "id": "0xa05aef44a981f7f783d33c4bf51b4d198bebcc49"
      },
      "market": {
        "question": "Will the highest temperature in Shanghai be 27\u00b0C on May 1?"
      },
      "outcomeIndex": 1,
      "outcome": "No",
      "amountUSD": "400.00",
      "size": 404.94109,
      "price": 0.9877978004158581,
      "type": "BUY",
      "slug": "highest-temperature-in-shanghai-on-may-1-2026-27c",
      "eventSlug": "highest-temperature-in-shanghai-on-may-1-2026",
      "transactionHash": "0x714dc50f9466b342f348c50cdbd08385dcd53083696fe9a7723eabb031ef7f61"
    },
    {
      "id": "0x5d4019e9ea754d3d91c2189e73112d715ba6d3b2e93ba6bf376185d265fb425b:45442425344945148629054388646754027198945031826748686202782489747948611240619:1777606352:BUY",
      "timestamp": 1777606352,
      "user": {
        "id": "0x373a5406c17519e5322e51586107146a46279a67"
      },
      "market": {
        "question": "Bitcoin Up or Down - April 30, 11:30PM-11:35PM ET"
      },
      "outcomeIndex": 0,
      "outcome": "Up",
      "amountUSD": "100.00",
      "size": 125.996625,
      "price": 0.7936720527236345,
      "type": "BUY",
      "slug": "btc-updown-5m-1777606200",
      "eventSlug": "btc-updown-5m-1777606200",
      "transactionHash": "0x5d4019e9ea754d3d91c2189e73112d715ba6d3b2e93ba6bf376185d265fb425b"
    },
    {
      "id": "0x46526b9b471ccb87eb2219603353e85f50e37b5d4b8c493203802e46aef5f3b0:115166325713878481054746255790324365447106218070067239405151603094423964994910:1777606352:BUY",
      "timestamp": 1777606352,
      "user": {
        "id": "0xdefebc7ed6f5d6e8710398f37eea6fc1746a17f4"
      },
      "market": {
        "question": "SPY (SPY) Up or Down on May 1?"
      },
      "outcomeIndex": 0,
      "outcome": "Up",
      "amountUSD": "37500.00",
      "size": 50000,
      "price": 0.75,
      "type": "BUY",
      "slug": "spy-up-or-down-on-may-1-2026",
      "eventSlug": "spy-up-or-down-on-may-1-2026",
      "transactionHash": "0x46526b9b471ccb87eb2219603353e85f50e37b5d4b8c493203802e46aef5f3b0"
    },
    {
      "id": "0xac9f2d0a057217fc4156cf2b55669871ea8d39ed2a9734c05ae28b360da8c4bb:94969123745259238258894495450475423446337462998714163532718486615092828626984:1777606350:SELL",
      "timestamp": 1777606350,
      "user": {
        "id": "0x6b580ed6350a2feebe4ebf975656e6ab297b830b"
      },
      "market": {
        "question": "Will Marine Tondelier win the 2027 French presidential election?"
      },
      "outcomeIndex": 1,
      "outcome": "No",
      "amountUSD": "134.86",
      "size": 135.54,
      "price": 0.995,
      "type": "SELL",
      "slug": "will-marine-tondelier-win-the-2027-french-presidential-election",
      "eventSlug": "next-french-presidential-election",
      "transactionHash": "0xac9f2d0a057217fc4156cf2b55669871ea8d39ed2a9734c05ae28b360da8c4bb"
    },
    {
      "id": "0xf21b053d7b3fba81b090ea2b9f2b456f800287a33308947f9e6268fa3d4f239d:112177007392163960484008159326300450500524475967112598127823948255784605038856:1777606350:BUY",
      "timestamp": 1777606350,
      "user": {
        "id": "0x5d987f1dbbe9c065333ff812a9dbae4dbf01d1cb"
      },
      "market": {
        "question": "Will the Kharg Island oil terminal be hit by April 30?"
      },
      "outcomeIndex": 1,
      "outcome": "No",
      "amountUSD": "509.41",
      "size": 510.94,
      "price": 0.997,
      "type": "BUY",
      "slug": "will-the-kharg-island-oil-terminal-be-hit-by-april-30-484-426",
      "eventSlug": "will-the-kharg-island-oil-terminal-be-hit-by-march-31",
      "transactionHash": "0xf21b053d7b3fba81b090ea2b9f2b456f800287a33308947f9e6268fa3d4f239d"
    },
    {
      "id": "0x0435a773bf9c209c43e40846c5b767a59d8d53c2385962cf376fa3a264c9ed28:41054916495347957510087691174345858426588337259427885853416998968409113903196:1777606350:SELL",
      "timestamp": 1777606350,
      "user": {
        "id": "0x0a595a18f7c994ce201ad57fe4050257eab6770c"
      },
      "market": {
        "question": "Nuggets vs. Timberwolves"
      },
      "outcomeIndex": 0,
      "outcome": "Nuggets",
      "amountUSD": "340.00",
      "size": 1000,
      "price": 0.34,
      "type": "SELL",
      "slug": "nba-den-min-2026-04-30",
      "eventSlug": "nba-den-min-2026-04-30",
      "transactionHash": "0x0435a773bf9c209c43e40846c5b767a59d8d53c2385962cf376fa3a264c9ed28"
    },
    {
      "id": "0x4f41e6ee68508ff9658107e3201890b8b99cba0be64e2e7033ef562edb81f417:52761630651452310319295064365704431564140478140269624735570317771849185169635:1777606346:BUY",
      "timestamp": 1777606346,
      "user": {
        "id": "0x017c11f157025f45407e4a598d4132f53dbc674c"
      },
      "market": {
        "question": "Will Donald Trump Jr. win the 2028 US Presidential Election?"
      },
      "outcomeIndex": 1,
      "outcome": "No",
      "amountUSD": "186.50",
      "size": 188,
      "price": 0.992,
      "type": "BUY",
      "slug": "will-donald-trump-jr-win-the-2028-us-presidential-election",
      "eventSlug": "presidential-election-winner-2028",
      "transactionHash": "0x4f41e6ee68508ff9658107e3201890b8b99cba0be64e2e7033ef562edb81f417"
    },
    {
      "id": "0x753a44bf0180b11238276af8fd7d97134d9928eda045900583c4e12dbc345583:63738244750418352666281721609146479761899919761171985655045426238832189626047:1777606346:BUY",
      "timestamp": 1777606346,
      "user": {
        "id": "0xa6afb379ba5cd65e7d59ee5b8e5dbe4c0bf9b5ef"
      },
      "market": {
        "question": "Will Mantova 1911 win on 2026-05-01?"
      },
      "outcomeIndex": 1,
      "outcome": "No",
      "amountUSD": "200.00",
      "size": 243.902438,
      "price": 0.819999999344,
      "type": "BUY",
      "slug": "itsb-man-mon-2026-05-01-man",
      "eventSlug": "itsb-man-mon-2026-05-01",
      "transactionHash": "0x753a44bf0180b11238276af8fd7d97134d9928eda045900583c4e12dbc345583"
    },
    {
      "id": "0x281004d949b7cf72b36a1e548fe8532149ecb0054f20c779c163183f84432440:45442425344945148629054388646754027198945031826748686202782489747948611240619:1777606346:BUY",
      "timestamp": 1777606346,
      "user": {
        "id": "0x927f7694de44d19a72bce76254e628d1c141d215"
      },
      "market": {
        "question": "Bitcoin Up or Down - April 30, 11:30PM-11:35PM ET"
      },
      "outcomeIndex": 0,
      "outcome": "Up",
      "amountUSD": "101.38",
      "size": 145,
      "price": 0.6991848275862069,
      "type": "BUY",
      "slug": "btc-updown-5m-1777606200",
      "eventSlug": "btc-updown-5m-1777606200",
      "transactionHash": "0x281004d949b7cf72b36a1e548fe8532149ecb0054f20c779c163183f84432440"
    },
    {
      "id": "0x134f1566161287919420db4ca303ff5d0a756033769d253d6513ccc58e27735d:58389730991380235726868542531087058690762163352908563301611948484975927797504:1777606346:BUY",
      "timestamp": 1777606346,
      "user": {
        "id": "0x764bdedf68fd843958bc7bb062571310aa56ac11"
      },
      "market": {
        "question": "Will Eric Trump win the 2028 Republican presidential nomination?"
      },
      "outcomeIndex": 1,
      "outcome": "No",
      "amountUSD": "779.43",
      "size": 785.72,
      "price": 0.992,
      "type": "BUY",
      "slug": "will-eric-trump-win-the-2028-republican-presidential-nomination",
      "eventSlug": "republican-presidential-nominee-2028",
      "transactionHash": "0x134f1566161287919420db4ca303ff5d0a756033769d253d6513ccc58e27735d"
    },
    {
      "id": "0x6def5112af02fdabd0e05d5d0dc0234906a34ca28f6a5b066eec07fb0e990098:79903375968759183705713252823977157971970949200427111658524625623146332835513:1777606344:SELL",
      "timestamp": 1777606344,
      "user": {
        "id": "0x736ad598bd5ed5c5b3a406f7b821034653d49c7e"
      },
      "market": {
        "question": "Will Turkiye win the 2026 FIFA World Cup?"
      },
      "outcomeIndex": 1,
      "outcome": "No",
      "amountUSD": "216.78",
      "size": 218.31,
      "price": 0.993,
      "type": "SELL",
      "slug": "will-turkiye-win-the-2026-fifa-world-cup",
      "eventSlug": "2026-fifa-world-cup-winner-595",
      "transactionHash": "0x6def5112af02fdabd0e05d5d0dc0234906a34ca28f6a5b066eec07fb0e990098"
    },
    {
      "id": "0x36e7c91e7dfe45a34157cfee357e6e06bc96acd2b80ed5e39ceb247cf2268390:91241377131968276644914922428394885497337529442306063674482193011860706527374:1777606342:SELL",
      "timestamp": 1777606342,
      "user": {
        "id": "0x1dd197fa8bb4d6887ffecf89b75171aea7d7a156"
      },
      "market": {
        "question": "Iran leadership change by April 30?"
      },
      "outcomeIndex": 1,
      "outcome": "No",
      "amountUSD": "125.48",
      "size": 125.61,
      "price": 0.999,
      "type": "SELL",
      "slug": "iran-leadership-change-by-april-30",
      "eventSlug": "iran-leadership-change-by",
      "transactionHash": "0x36e7c91e7dfe45a34157cfee357e6e06bc96acd2b80ed5e39ceb247cf2268390"
    },
    {
      "id": "0xdfed6c1d54ad764b6c4f516b67b0508db6e3a8c0399d61ffbe9d323222ec699c:7098002907532810701211724759641809615571533544590189777506937337388681658362:1777606342:SELL",
      "timestamp": 1777606342,
      "user": {
        "id": "0xcac5148d815f2f2d6ba1847dc233432d7de28e66"
      },
      "market": {
        "question": "Will Isack Hadjar be the 2026 F1 Drivers' Champion?"
      },
      "outcomeIndex": 1,
      "outcome": "No",
      "amountUSD": "196.80",
      "size": 197.59,
      "price": 0.996,
      "type": "SELL",
      "slug": "will-isack-hadjar-be-the-2026-f1-drivers-champion",
      "eventSlug": "2026-f1-drivers-champion",
      "transactionHash": "0xdfed6c1d54ad764b6c4f516b67b0508db6e3a8c0399d61ffbe9d323222ec699c"
    },
    {
      "id": "0xf9d0b815afda1fc556085f4773c8b184af0eab0ff3de0ccafc0fb7dbaa502e59:41054916495347957510087691174345858426588337259427885853416998968409113903196:1777606342:SELL",
      "timestamp": 1777606342,
      "user": {
        "id": "0x3ea96f056f1ea1c4ff409e56aeb4224a73eaa420"
      },
      "market": {
        "question": "Nuggets vs. Timberwolves"
      },
      "outcomeIndex": 0,
      "outcome": "Nuggets",
      "amountUSD": "122.40",
      "size": 360,
      "price": 0.34,
      "type": "SELL",
      "slug": "nba-den-min-2026-04-30",
      "eventSlug": "nba-den-min-2026-04-30",
      "transactionHash": "0xf9d0b815afda1fc556085f4773c8b184af0eab0ff3de0ccafc0fb7dbaa502e59"
    },
    {
      "id": "0x7f85fcfd47beadc3f1c50c113181d5fe5aca1b15b9e53e04e85efbd11f78ccfc:91241377131968276644914922428394885497337529442306063674482193011860706527374:1777606342:SELL",
      "timestamp": 1777606342,
      "user": {
        "id": "0x1dd197fa8bb4d6887ffecf89b75171aea7d7a156"
      },
      "market": {
        "question": "Iran leadership change by April 30?"
      },
      "outcomeIndex": 1,
      "outcome": "No",
      "amountUSD": "585.58",
      "size": 586.17,
      "price": 0.999,
      "type": "SELL",
      "slug": "iran-leadership-change-by-april-30",
      "eventSlug": "iran-leadership-change-by",
      "transactionHash": "0x7f85fcfd47beadc3f1c50c113181d5fe5aca1b15b9e53e04e85efbd11f78ccfc"
    },
    {
      "id": "0x68fef3a0f298fbe54d248dbfd9c79ad5808f29c70514e3306cf4cfb83693f0b8:84553189233868837011173802287245466242361930181501918469303092803731514390253:1777606342:BUY",
      "timestamp": 1777606342,
      "user": {
        "id": "0x10074a28e16745cb3163a1557980cfaa2acdb093"
      },
      "market": {
        "question": "Will Qatar win the 2026 FIFA World Cup?"
      },
      "outcomeIndex": 1,
      "outcome": "No",
      "amountUSD": "197.00",
      "size": 197.3945,
      "price": 0.998,
      "type": "BUY",
      "slug": "will-qatar-win-the-2026-fifa-world-cup",
      "eventSlug": "2026-fifa-world-cup-winner-595",
      "transactionHash": "0x68fef3a0f298fbe54d248dbfd9c79ad5808f29c70514e3306cf4cfb83693f0b8"
    },
    {
      "id": "0x588f81c642ec6f1f8117589387c5c8a961f273a100d62662295c4744176bc01b:58389730991380235726868542531087058690762163352908563301611948484975927797504:1777606342:BUY",
      "timestamp": 1777606342,
      "user": {
        "id": "0xc9357d871aacf2e80368c208386e4069141c32b1"
      },
      "market": {
        "question": "Will Eric Trump win the 2028 Republican presidential nomination?"
      },
      "outcomeIndex": 1,
      "outcome": "No",
      "amountUSD": "779.37",
      "size": 785.66,
      "price": 0.992,
      "type": "BUY",
      "slug": "will-eric-trump-win-the-2028-republican-presidential-nomination",
      "eventSlug": "republican-presidential-nominee-2028",
      "transactionHash": "0x588f81c642ec6f1f8117589387c5c8a961f273a100d62662295c4744176bc01b"
    },
    {
      "id": "0x910d4f4547da66a0168b8a2cd5cf903df2f28effeb0cf016dedce79d0546d1f2:17462248665475661730089152347530240415030558210901742597225360396397836807289:1777606340:BUY",
      "timestamp": 1777606340,
      "user": {
        "id": "0x852ae6bf07862745d43a3f89ea833ff7f7d05bfd"
      },
      "market": {
        "question": "Will Juan Daniel Oviedo win the 2026 Colombian presidential election?"
      },
      "outcomeIndex": 1,
      "outcome": "No",
      "amountUSD": "144.00",
      "size": 144.144,
      "price": 0.999,
      "type": "BUY",
      "slug": "will-juan-daniel-oviedo-win-the-2026-colombian-presidential-election",
      "eventSlug": "colombia-presidential-election",
      "transactionHash": "0x910d4f4547da66a0168b8a2cd5cf903df2f28effeb0cf016dedce79d0546d1f2"
    },
    {
      "id": "0x630cf0647ee442f8776ffe671ad84cd23bef90eb1488b08364a91a55e0d0ae80:113010527531893939378789731087528072424814820644967573635491032088087882607051:1777606340:SELL",
      "timestamp": 1777606340,
      "user": {
        "id": "0x94cdbe71d385c371c12f7449665ccd92220432d5"
      },
      "market": {
        "question": "Will Eleni Kounalakis win the California Governor Election in 2026?"
      },
      "outcomeIndex": 1,
      "outcome": "No",
      "amountUSD": "103.89",
      "size": 104.2,
      "price": 0.997,
      "type": "SELL",
      "slug": "will-eleni-kounalakis-win-the-california-governor-election-in-2026",
      "eventSlug": "california-governor-election-2026",
      "transactionHash": "0x630cf0647ee442f8776ffe671ad84cd23bef90eb1488b08364a91a55e0d0ae80"
    },
    {
      "id": "0x9623de7d0ccc9f6843cc03a9a7692fd1bd77e1df3d532f8a9fd533bcc3ff3d26:37072820737673550545982947499525351299052704677011952299848670736862285050132:1777606338:SELL",
      "timestamp": 1777606338,
      "user": {
        "id": "0x1de39f5a4b1313b99fd5278036b2964cc03ca1fa"
      },
      "market": {
        "question": "Nuggets vs. Timberwolves"
      },
      "outcomeIndex": 1,
      "outcome": "Timberwolves",
      "amountUSD": "12233.80",
      "size": 18821.23,
      "price": 0.65,
      "type": "SELL",
      "slug": "nba-den-min-2026-04-30",
      "eventSlug": "nba-den-min-2026-04-30",
      "transactionHash": "0x9623de7d0ccc9f6843cc03a9a7692fd1bd77e1df3d532f8a9fd533bcc3ff3d26"
    },
    {
      "id": "0x130f871c656a8eaaa13d89bf4d07b09be7446bfc5873a7061fada490871eb8ef:58389730991380235726868542531087058690762163352908563301611948484975927797504:1777606336:BUY",
      "timestamp": 1777606336,
      "user": {
        "id": "0x91f886e811cde48659cff1b9917b24ebd0fb8948"
      },
      "market": {
        "question": "Will Eric Trump win the 2028 Republican presidential nomination?"
      },
      "outcomeIndex": 1,
      "outcome": "No",
      "amountUSD": "779.26",
      "size": 785.54,
      "price": 0.992,
      "type": "BUY",
      "slug": "will-eric-trump-win-the-2028-republican-presidential-nomination",
      "eventSlug": "republican-presidential-nominee-2028",
      "transactionHash": "0x130f871c656a8eaaa13d89bf4d07b09be7446bfc5873a7061fada490871eb8ef"
    },
    {
      "id": "0x5aa61cdd4f4a7b99b2fdc9280a8083a07baee45dac62fc2e01caf883b27909ee:99993027862590291371535736773899758951396811197038697622370384156427874947734:1777606336:BUY",
      "timestamp": 1777606336,
      "user": {
        "id": "0x92a6294cd55b9c6ccd57efaffc365ad943118b84"
      },
      "market": {
        "question": "Joe Kent charged by April 30?"
      },
      "outcomeIndex": 1,
      "outcome": "No",
      "amountUSD": "664.62",
      "size": 665.55,
      "price": 0.9986086845466156,
      "type": "BUY",
      "slug": "joe-kent-charged-by-april-30",
      "eventSlug": "joe-kent-charged-by-april-30",
      "transactionHash": "0x5aa61cdd4f4a7b99b2fdc9280a8083a07baee45dac62fc2e01caf883b27909ee"
    },
    {
      "id": "0xec535ef741843e899aa6d170e42f0cdaf472c5088d5aab693ec245bb5be709d6:37072820737673550545982947499525351299052704677011952299848670736862285050132:1777606336:SELL",
      "timestamp": 1777606336,
      "user": {
        "id": "0x53757615de1c42b83f893b79d4241a009dc2aeea"
      },
      "market": {
        "question": "Nuggets vs. Timberwolves"
      },
      "outcomeIndex": 1,
      "outcome": "Timberwolves",
      "amountUSD": "666.90",
      "size": 1026,
      "price": 0.65,
      "type": "SELL",
      "slug": "nba-den-min-2026-04-30",
      "eventSlug": "nba-den-min-2026-04-30",
      "transactionHash": "0xec535ef741843e899aa6d170e42f0cdaf472c5088d5aab693ec245bb5be709d6"
    },
    {
